2832 4876
209 303 272 367 256
362 387 365 394 μ
577 295 818 371 tuttoutrto
842 227 898 372 lo.

192 523 277 592 ¹oap.
298 505 329 567 6.
354 505 518 590 accipiter
539 513 679 570 vocatur:
706 503 833 587 εἴδωλον
854 503 949 587 ἡλίου.
987 501 1133 570 Attamen
1150 503 1262 574 melius

207 615 333 710 lortasse
361 624 545 692 statuemus,
562 633 687 680 ,vocem
715 615 833 682 εἴδωλα4
852 636 955 680 errore
978 613 1041 682 hue
1069 639 1105 682 ex
1123 639 1262 706 =praeee-

207 724 350 790 dentibus
375 747 438 791 esse
458 725 654 806 translatam,
673 747 731 816 pro
756 731 897 808 σώματα,
922 727 971 791 rel
993 729 1073 820 ζῶα,
1094 741 1148 794 aut
1166 712 1262 794 siinili

206 835 351 926 quadam.
373 873 419 885 -
441 835 531 924 Quod
559 817 661 902 autem
685 835 818 916 dieitur,
842 859 1027 925 pereanem
1047 837 1080 902 in
1098 837 1263 930 hierogly-

204 948 306 1038 phiois
325 946 455 1012 indicari
472 950 719 1040 entapdiasten,
743 948 950 1014 monumentis
968 949 1166 1039 Aegyptiacis
1185 973 1261 1018 eon-

203 1061 373 1141 firmatum¹
386 1081 459 1124 nam
478 1058 552 1126 deus
570 1061 708 1141 Anubis,
734 1083 826 1148 quem
854 1060 955 1149 eapite
979 1065 1075 1127 oanis
1091 1066 1191 1127 aurei
1213 1062 1260 1128 ef-

203 1172 359 1262 fingebant
396 1171 542 1261 Aegyptii
577 1171 638 1259 (off.
664 1172 716 1239 rb.
746 1195 775 1239 e.
807 1171 963 1240 Plutareh.
994 1173 1036 1238 de.
1054 1173 1106 1241 Is.
1135 1183 1167 1240 et
1200 1174 1258 1245 Os.

202 1307 271 1373 eep.
293 1287 345 1350 44.
369 1297 443 1380 pag.
462 1287 537 1350 368.
557 1283 594 1350 E.
642 1282 812 1351 Iliensis.
829 1283 857 1352 Ι.
871 1290 924 1352 87.
945 1307 1015 1375 pag.
1027 1290 1093 1353 97.Ι
1108 1285 1167 1352 W
1162 1289 1258 1356 essel.

202 1395 328 1462 Proelus
355 1395 395 1458 in·
417 1395 495 1461 Plat.
519 1389 624 1466 Rolit.
649 1419 720 1485 pag.
748 1396 838 1485 417.)
863 1396 1061 1464 cadaveribus
1079 1398 1260 1466 condiendis

200 1501 357 1598 praeeratt
378 1519 409 1572 et
424 1507 457 1571 in
473 1507 580 1572 loculis
598 1508 804 1587 mumiarum,
824 1508 929 1576 aliisve
946 1511 1154 1577 monumentis
1172 1511 1259 1578 idem

200 1621 252 1686 ille
279 1617 352 1708 deus
375 1618 550 1708 saepissime
568 1619 706 1708 pingitur
725 1633 805 1686 stans
819 1622 907 1709 juxta
924 1623 1075 1688 mumiam
1095 1623 1128 1688 in
1143 1598 1258 1692 lectulo

175 1735 363 1828 jacentem.
412 1730 461 1798 cf.
488 1731 552 1798 tab.
571 1745 666 1798 nostr.
686 1755 720 1800 n.
752 1737 804 1822 47.
833 1723 860 1800 τ’.
909 1734 992 1802 Add.
1023 1732 1197 1825 Ghampoll.
1223 1737 1257 1802 in

198 1845 368 1935 Desert'pt.
393 1831 445 1911 M.
474 1843 511 1912 O.
537 1841 587 1910 X.
612 1867 683 1934 pag.
706 1839 762 1914 tt.
787 1844 826 1913 A.
852 1842 937 1927 751,
963 1868 1031 1938 sqq.
1103 1899 1106 1904 .
1221 1841 1225 1852 ’

244 1959 346 2040 ἐπειδὴ
376 1968 464 2024 τοῦτο
491 1961 525 2022 τό
554 1958 700 2033 ζῶον-
729 1957 926 2044 ἐλαφρότερον
947 1959 1020 2046 ἔχει]
1070 1960 1256 2051 Interpretes

200 2072 397 2156 ἐλαφρότερον
414 2068 584 2135 retulerunt
600 2068 640 2134 ad
655 2069 792 2152 σπλῆνα,
811 2083 980 2139 vertentes:
1002 2075 1163 2162 splenem,
1179 2095 1257 2163 quo-

199 2187 292 2248 niam
310 2182 393 2246 Ιιτοοο
409 2185 499 2246 inter
517 2191 649 2247 caetera
666 2185 833 2248 animalia
852 2185 1050 2248 leuissimum
1066 2185 1180 2263 tatem
1206 2207 1258 2250 re-

149 2340 154 2349 »
199 2290 366 2384 prehendit
393 2313 444 2358 eos
474 2290 513 2357 de
533 2293 648 2371 Pauw,
674 2293 728 2380 qui
747 2295 944 2379 ἐλαφρότερον
964 2294 1047 2359 arete
1067 2298 1258 2386 conjungen-

200 2404 275 2469 dum
291 2413 380 2492 putat
398 2423 470 2466 eum
488 2406 565 2488 ἔχει,
590 2415 620 2467 et
637 2401 847 2470 reddendum:
874 2408 1028 2492 queniam
1051 2405 1110 2470 hoe
1127 2411 1261 2476 animal

192 2535 283 2606 prae
308 2516 449 2605 caeteris
476 2513 558 2576 bona
584 2513 770 2578 ualetudine
795 2514 933 2603 gaudet.
987 2515 1103 2578 Verum
1128 2517 1261 2604 quidem

198 2640 244 2694 est
263 2638 403 2692 veterum
418 2623 578 2690 nonnullos
592 2633 713 2715 putasse
728 2647 817 2691 canes
833 2625 934 2692 tribus
949 2624 1163 2694 tantummodo
1172 2651 1260 2696 mor·

198 2740 248 2806 bis
275 2739 434 2818 laborare,
464 2735 572 2817 rabie,
598 2737 707 2826 angina
735 2750 766 2803 et
792 2737 945 2828 podagre,
972 2738 1035 2828 (off.
1063 2739 1192 2810 Aristot.
1217 2743 1259 2810 de

199 2853 295 2920 Hist.
320 2848 434 2918 duim.
454 2848 543 2916 Vlll.
570 2853 623 2917 22.
648 2873 718 2939 pag.
740 2855 815 2918 402.
837 2848 873 2918 (l.
900 2865 951 2932 et,
977 2875 1070 2940 quem
1089 2853 1194 2920 citarit
1217 2854 1258 2920 de

69 2981 71 2984 ’
99 2979 103 2986 ’
199 2968 314 3045 Pausa,
339 2963 460 3030 Aelian.
489 2961 529 3026 de
545 2961 636 3032 Nat.
665 2960 779 3030 Anim.
808 2963 864 3032 tv,
893 2963 979 3052 40.);
1008 2964 1061 3031 sed
1089 2988 1195 3032 vereor
1220 2981 1257 3035 ut

200 3077 384 3168 significatio
407 3077 485 3156 ista,
510 3097 570 3164 qua
599 3074 796 3163 ἐλαφρότερον
827 3079 908 3163 ἔχειν
936 3077 1056 3144 dieatur
1082 3102 1140 3169 pro
1167 3084 1258 3160 ὑγιῶς

199 3193 291 3277 ἔχειν,
312 3201 397 3254 reete
413 3187 539 3276 probari
559 3187 667 3277 possit.
700 3188 839 3254 Fortasse
856 3176 913 3278 pro
933 3189 1131 3278 ἐλαφρότερον
1148 3191 1257 3282 legen—

200 3301 275 3366 dum
297 3301 356 3366 erit
372 3305 574 3385 μοκρότερον;
597 3321 670 3364 nam
700 3299 826 3366 canibus
849 3321 995 3390 magnum
1014 3325 1078 3369 esse
1097 3304 1253 3393 splenem,

199 3412 283 3479 idem
311 3411 400 3477 dooet
428 3410 627 3491 Aristoteles,
653 3432 746 3499 quem
773 3411 879 3478 eitarit
903 3389 994 3480 adh.
1014 3414 1036 3482 l.
1057 3415 1256 3484 Hoeseh..de

201 3523 301 3592 Part.
313 3522 497 3592 Arzimlll.
512 3525 565 3589 12.
589 3521 659 3589 Vol.
678 3522 722 3590 ΙΙ.
742 3547 812 3613 pag.
825 3528 900 3601 53⁴5.
912 3525 952 3592 D.
976 3530 1015 3592 τοὶ
1036 3527 1068 3594 δὲ
1090 3529 1255 3615 πολυσχιδῆ

200 3643 302 3704 πάντα
322 3643 437 3723 μάκρον
460 3636 515 3724 [so.
538 3636 675 3725 splenem
693 3635 823 3723 habent]
849 3635 914 3704 οἷον
931 3626 983 3718 alc,
1006 3641 1059 3703 καὶ
1079 3645 1255 3724 ἄνθρωπος,

201 3753 253 3816 καλ
274 3755 369 3831 κόνιος
396 3771 490 3836 quam
517 3750 724 3837 conjecturam
750 3750 776 3815 si
797 3749 1013 3828 admittamus,
1038 3750 1189 3816 rationem
1207 3749 1254 3830 ri-

203 3859 362 3940 debimus,
389 3882 482 3948 quam
501 3861 541 3926 ob
560 3881 626 3926 rem
644 3863 829 3952 pereanem
850 3860 1015 3952 significari
1032 3864 1173 3954 splenem
1194 3876 1254 3930 sta-

204 3973 298 4039 tuerit
320 3972 467 4061 seriptor;
494 3973 639 4060 quoniam
667 3973 749 4041 huno
772 3976 919 4063 majorem
939 3996 1033 4064 quam
1050 3973 1169 4063 reliqua
1186 3973 1253 4056 ani-
