2804 4872
336 267 644 384 nonaronnnus
667 307 865 381 uranocn.
913 316 940 382 1.
968 317 1019 381 12.
1141 319 1201 384 no

149 521 303 600 addatur,
335 517 490 585 Minervae
518 537 590 582 rero
615 517 775 582 masculini
800 516 934 605 generis:
960 537 1022 582 non
1045 517 1129 584 enim
1151 519 1203 584 illa

148 623 234 702 οὗτοι
256 660 314 719 γαρ
334 615 422 716 μόνοι
442 635 544 711 θεῶν,
568 641 627 697 cet.
649 628 691 694 ad
710 628 865 718 superiora
882 630 1038 718 pertinere
1055 643 1201 719 possunt,

150 767 282 836 quornm
314 741 475 832 explicatio
497 744 562 832 jam
591 740 764 806 continetur
789 740 907 811 verbis:
943 743 1027 807 δοκεῖ
1055 747 1113 828 γάρ
1146 743 1205 808 αὐ-

147 842 213 932 τοῖς
225 893 270 907 --
283 861 471 933 συνεστάναι,
491 865 550 920 eet.
570 853 738 918 Praetereo.
750 853 869 918 Pauwii
887 853 1107 946 correctionem
1126 876 1203 942 qno·

150 966 315 1048 dammodo
343 965 526 1032 confirmant
553 960 652 1032 Godd.
680 964 790 1031 Parias.
812 964 856 1044 A,
885 963 924 1032 Β.
945 963 979 1028 in
999 964 1111 1052 quibus
1129 987 1202 1030 rer-
1230 1017 1233 1022 .

149 1081 210 1160 ba,
243 1085 401 1164 κάνθαρον
430 1083 611 1160 γράφουσιν,
641 1075 668 1142 ai
694 1072 734 1139 nd
760 1085 876 1142 textum
906 1096 979 1141 rere
1008 1075 1201 1164 pertineant,

148 1192 257 1258 referri
283 1212 345 1256 non
369 1209 455 1278 posse
481 1184 521 1252 nd
546 1187 666 1276 priora,
680 1208 767 1276 vquae
788 1187 938 1253 finiuntur
955 1208 1029 1254 roeo
1046 1187 1201 1270 θηλυκοά,

112 1323 121 1338 ·
149 1303 239 1370 facile
265 1313 361 1393 patet.
412 1296 550 1369 Eandem
577 1299 807 1367 correctionem.
824 1299 971 1388 probarit
993 1319 1116 1388 quoque
1145 1298 1201 1366 Ja-

150 1415 271 1482 blonslri
287 1415 320 1479 in
339 1412 461 1480 Panto.
480 1411 565 1502 Aeg.
585 1411 612 1479 l.
632 1434 703 1501 pag.
723 1393 786 1480 631
834 1465 838 1476 ,
933 1467 936 1476 ,
1026 1469 1030 1478 .

194 1514 276 1594 οὗτοι
326 1530 384 1610 γάρ
430 1529 518 1609 μόνοι
564 1529 647 1591 θεῶν
666 1597 671 1604 .
687 1561 733 1574 -
749 1615 753 1626 ι
772 1523 984 1611 ἅρσενοθήλεις
1018 1499 1198 1610 ὑπάρχουσι]

149 1641 272 1708 Praeter
288 1635 389 1706 Phtha
408 1648 439 1701 et
456 1634 567 1714 Natu,
586 1635 680 1701 ctiam
696 1636 784 1701 Luna
802 1633 885 1725 apud
902 1633 1070 1723 Aegyption
1081 1634 1201 1700 utrius·

149 1773 210 1841 qne
236 1749 500 1838 sexusparticeps
523 1745 706 1815 habebatur.
745 1744 794 1815 cf.
813 1769 843 1814 r.
863 1767 892 1813 c.
912 1745 1068 1814 Plutarch.
1089 1745 1130 1812 de
1147 1743 1199 1814 Ic.

148 1873 180 1930 el
205 1862 262 1930 Oa.
287 1883 344 1950 cap
369 1863 422 1925 43.
445 1879 518 1947 pag.
543 1860 620 1925 368.
646 1854 683 1925 G.
708 1858 755 1926 ded
782 1860 834 1922 κοιλ
860 1857 1052 1942 μητέρατὴν
1074 1856 1203 1943 σελήνην

147 1983 200 2044 τοῦ
237 1979 348 2057 κόσμου
381 1970 523 2050 καλοῦσι,
551 1974 603 2034 καὶ
624 1977 714 2052 φάσιν
736 1973 817 2056 ἔχειν
837 1967 1044 2056 ἀρσενόθηλυν
1066 1969 1216 2050 οἰόντοιι,Ι
1238 2019 1242 2033 .

147 2085 360 2173 πληρουμένην
380 2085 440 2148 ὑπὸ
466 2080 578 2156 Ἡλίου
610 2082 663 2146 καὶ
690 2081 887 2164 κυισκομένην
909 2083 1088 2162 γεννητικὰς
1108 2082 1203 2165 α’ρηάς

147 2201 202 2266 καὶ
228 2194 496 2279 κατασπείρουσαν.
543 2187 602 2256 (tui
620 2189 751 2256 addatur
768 2189 873 2256 Aelius
892 2188 1071 2278 Spartianus
1088 2190 1121 2255 in
1139 2190 1202 2256 rita

149 2305 300 2376 Antonini
310 2302 417 2372 Carae.
428 2325 495 2392 cap.
509 2307 527 2367 7
533 2351 540 2370 .
551 2301 770 2388 etdmmonius
781 2300 821 2366 ad
830 2302 956 2370 Aristot.
969 2301 1010 2366 de
1018 2301 1200 2392 Interpret.

148 2445 219 2512 pap.
241 2422 295 2487 15.
317 2418 424 2507 (quem
440 2417 542 2482 locum
559 2412 695 2482 laudarit
714 2411 1062 2503 quoquelloesohelius)
1078 2417 1203 2502 καὶγὰρ

148 2539 176 2600 ει’
208 2535 369 2619 ἀρσενικῶς
402 2531 572 2610 Αἷγυπτιοι
606 2531 663 2610 τήν
697 2525 825 2612 σελήνην
855 2529 1015 2610 ὀνομάζειν
1045 2530 1225 2596 εἶὼάασιν·’
1333 2583 1336 2594 .

139 2645 218 2712 ἀλλ’
240 2648 281 2719 ὡς
303 2645 375 2729 πρὸς
399 2648 454 2724 τήν
473 2647 548 2723 γῆν,
570 2634 655 2723 οἶμαι
672 2640 768 2722 αὐτὴν
785 2638 1046 2726 παραβάλλοντες,
1071 2639 1125 2724 οὐχ
1142 2641 1201 2710 ὑπὸ

149 2756 237 2841 ήλέου
255 2759 367 2839 μόνον,
388 2753 469 2820 ἀλλὰ
491 2754 542 2818 καὶ
563 2751 616 2818 ὑπ’
630 2752 723 2834 αὐτῆς
744 2751 960 2834 φωτιζομένην.
985 2751 1031 2816 διὸ
1053 2751 1106 2816 acl
1128 2753 1146 2814 o‘
1167 2753 1202 2818 ἐν
1246 2787 1250 2792 -

142 2873 193 2951 ,τῷ
210 2868 362 2952 συμποσίῳ
382 2872 434 2932 τοῦ
456 2865 700 2950 Ἀριστοφάνους
721 2861 809 2942 λόγος
822 2865 857 2927 τὸ
875 2865 933 2945 μέν
954 2864 1045 2948 &aldea
1064 2866 1106 2946 τῷ
1126 2860 1203 2944 η’λέιφ

147 2987 306 3068 προςήκειν
337 2981 413 3062 ἔφη,
446 2979 480 3042 τὸ
506 2976 539 3041 δέ
561 2973 643 3056 θῆλυ
664 2980 704 3058 τῇ
724 2980 782 3058 γῇ,
813 2979 852 3057 τῇ
873 2972 906 3040 δέ
930 2971 1038 3059 σελήνη
1059 2973 1094 3046 τὸ
1114 2971 1203 3054 ἀρ’ῥε-

143 3091 277 3177 addaiu.
301 3091 385 3175 Quae
405 3086 511 3156 citarit
531 3085 713 3155 Ammonius
732 3105 767 3150 ex
787 3080 962 3175 Sympoaio
983 3081 1129 3161 Platonis,
1152 3080 1201 3146 in·

150 3205 313 3272 veniuntur
338 3202 499 3291 capto,
533 3199 604 3270 fine.
632 3219 710 3288 pag,
742 3200 817 3266 190.
845 3196 884 3264 t.
912 3196 950 3266 B.
984 3180 1119 3275 Ἦνῃδὲ
1151 3195 1203 3260 διά
1333 3259 1336 3268 ,

145 3325 246 3392 ,ταῦτα
271 3317 341 3403 τρία
362 3318 401 3382 τά
423 3314 497 3398 γένη
519 3315 572 3378 καὶ
594 3317 737 3392 τοιαῦτα,
768 3313 872 3378 ὅτιτὸ
897 3312 953 3392 μέν
975 3309 1066 3394 daliter
1088 3301 1127 3390 ἦν
1150 3310 1202 3372 τοῦ
1330 3315 1332 3327 ’

148 3429 235 3514 ηλέου
261 3432 319 3510 τήν
345 3428 440 3512 α’ρηήν
463 3427 606 3504 ἔκγονον,
635 3426 670 3490 τὸ
693 3423 726 3489 δέ
748 3422 830 3505 θῆλυ
853 3428 905 3508 τῆς
929 3427 1002 3504 γῆς,
1025 3422 1060 3486 τὸ
1083 3418 1116 3484 δέ
1139 3419 1201 3502 οἰμ-
1259 3492 1261 3498 ,

148 3540 281 3626 φοτέρων
307 3537 434 3624 μετέχον
460 3542 513 3620 τῆς
540 3534 681 3619 σελήνης,
713 3535 760 3599 ὅτι
783 3537 835 3599 καὶ
856 3541 876 3617 η’
897 3532 1005 3615 σελήνη
1028 3529 1204 3616 ἀμφοτέρων

147 3649 274 3735 μετέχει.
324 3646 465 3722 Addetur
490 3645 652 3720 Jablonslri
669 3645 793 3712 Pacta.
812 3645 897 3736 Aeg.
916 3642 945 3711 l.
965 3665 1037 3732 pag.
1049 3645 1113 3722 ,64,
1137 3663 1201 3730 seq.

151 3761 249 3828 Recte
268 3759 362 3849 igitur
378 3759 418 3825 de
437 3760 531 3827 Panw
548 3757 716 3837 adnotavit,
734 3778 841 3822 rocem
856 3761 956 3840 μόνοι,
975 3754 1043 3823 l1.l.
1062 3775 1124 3820 non
1143 3755 1202 3841 sig·

150 3873 280 3938 nificare
305 3875 370 3939 ooli
381 3923 391 3953 ‚
419 3871 472 3938 aed
498 3869 617 3961 aliquid
637 3877 820 3961 praestana
837 3881 945 3950 notare
963 3882 994 3935 et
1011 3869 1202 3960 egregium

151 3967 325 4076 vulcanum
343 3985 436 4074 igitur
454 3999 485 4052 et
502 3985 672 4054 Minervam
690 3986 827 4065 nimie,
840 3985 1024 4074 praecipue
1040 3975 1103 4044 dici
1120 3976 1205 4062 α’ροε-
