2804 4872
123 273 126 278 ¹
207 334 268 396 sss
579 315 819 388 annorrrro
844 339 886 384 n

203 531 287 621 Aeg.
303 526 345 594 ·l.
373 546 441 613 cap.
471 526 503 588 2.
533 526 562 609 §.
589 526 621 600 8,
646 525 678 588 9.
709 519 822 612 Opusc.
846 519 933 588 Torn.
952 519 979 586 l.
998 540 1068 610 pag.
1089 523 1164 601 332,
1182 543 1251 613 sqq.

204 660 344 731 quaeque
362 636 408 703 ibi
425 634 582 700 adnotavit
592 633 639 701 cl.
651 633 695 699 Tc
705 633 824 700 Watcr.
852 631 1023 722 Ghampoll.
1042 632 1082 698 de
1095 631 1254 725 Hierogl.

206 752 245 818 V
241 761 283 819 ct.
301 749 387 841 Aeg.
406 771 476 839 pag.
500 751 575 826 149,
594 769 662 835 sqq.
685 746 718 811 in
734 745 902 834 Dcem'pt.
923 743 974 813 M.
987 742 1089 814 M.
1108 767 1179 833 pag.
1201 748 1253 815 10.

204 869 243 933 A.
267 868 342 942 168,
362 886 430 952 sqq.
450 860 573 927 Parrtlr.
593 858 678 950 Aeg.
699 858 738 923 ad
757 859 821 925 tab.
842 864 875 937 8,
894 881 961 946 sqq.
980 850 1142 923 Mastesin
1158 856 1254 926 Hirr.
1392 873 1393 926 t

209 978 295 1046 Gn't.
319 975 464 1042 Gnoarie.
481 971 549 1038 Vol.
565 970 609 1038 ΙΙ.
628 993 698 1060 pag.
717 974 770 1047 15,
789 993 857 1059 sqq.
872 1007 918 1020 -
933 967 1097 1036 Caeterum
1117 967 1257 1038 Gaussini

204 1087 436 1168 correctionem,
456 1087 556 1175 legere
575 1082 738 1151 suadentis:
756 1083 933 1165 Ἥφαιστον
949 1083 982 1148 δὲ
996 1091 1161 1167 γράφοντες
1176 1091 1254 1152 κάν-

203 1211 301 1287 θαρον
328 1203 548 1284 ζωγραφοῦσιν,
575 1196 726 1279 Ἀθηνᾶν
754 1196 787 1261 δὲ
815 1197 867 1259 καὶ
893 1194 1069 1275 Ἥφαιστον
1098 1200 1181 1274 γῦπα
1206 1199 1257 1260 καὶ
1393 1207 1394 1260 i

202 1320 376 1397 κάνθαρον,
409 1307 546 1398 quamvis
572 1306 612 1371 ab
641 1306 861 1396 Acgyptiorum
886 1301 1040 1370 scribendi
1059 1304 1178 1372 ratione
1193 1328 1256 1372 non
1393 1293 1394 1310 ¹

204 1422 367 1490 abhorreat
376 1470 385 1502 ,
403 1441 484 1485 nunc
500 1416 724 1484 admittendam
741 1441 803 1484 non
820 1418 1009 1507 putaverim,
1029 1416 1069 1483 ob
1082 1419 1256 1506 posteriora

205 1537 276 1614 ilia,
306 1520 388 1600 οὗτοι
409 1536 466 1617 γὰρ
487 1569 533 1582 -
553 1530 762 1616 ἀρσενοθήλεις
788 1533 962 1616 ὑπάρχουσι.
1015 1529 1116 1627 Deum
1139 1528 1256 1595 Vulca-

204 1669 279 1713 num
288 1645 325 1733 (i.
337 1666 375 1710 e.
394 1641 506 1730 Phtha)
525 1641 642 1741 quippe
659 1640 866 1727 ἀρσενόθηλυν
879 1640 1057 1707 indicabant
1071 1661 1256 1730 persacra-

201 1762 314 1826 ὸινοιινιι
334 1753 506 1844 (masculini
525 1753 644 1843 generis
663 1752 856 1842 symbolum,
880 1751 1048 1818 secundom
1067 1775 1136 1842 cap.
1149 1754 1202 1842 lo)
1223 1767 1254 1820 st

203 1870 425 1963 per‘aoclturem
435 1866 503 1955 (qui
512 1865 678 1932 foeminam
686 1863 879 1954 significabat
888 1864 929 1933 cf.
940 1887 1008 1956 cap.
1022 1866 1089 1953 11),
1100 1866 1142 1931 ita
1152 1879 1255 1932 umen

205 1998 240 2051 ut
258 1981 435 2050 scarabaeus
448 1979 533 2069 prior
547 1991 724 2068 poneretur3
742 1977 910 2045 Mmerram
925 1979 961 2067 (i.
978 2000 1005 2048 e.
1022 1978 1131 2066 Ne'ith)
1147 1977 1256 2044 iisdem
1395 2022 1396 2086 ἓ

206 2095 334 2187 quidem
359 2093 451 2184 signis
474 2090 668 2172 scribebant,
693 2089 746 2158 sed
766 2090 810 2157 ita
829 2104 864 2157 ut
881 2092 983 2158 vultur
1000 2092 1137 2181 priorem
1153 2093 1257 2158 locum
1395 2117 1396 2120 ¹

205 2209 369 2275 obtineret.
425 2205 498 2272 Jam
530 2226 602 2270 roro
635 2204 661 2269 si
695 2202 735 2268 de
765 2203 894 2270 veritate
928 2203 1026 2294 hujus⁴
1049 2203 1256 2294 explicationis

205 2336 407 2408 quaeramus,
428 2313 622 2381 statuendum
641 2313 765 2380 fortasse
782 2315 1013 2403 Horapoliincm
1030 2337 1100 2380 rcra
1119 2315 1258 2382 immixta

206 2429 288 2496 falsis
321 2424 504 2506 tradidissc3
545 2445 618 2488 nam
650 2424 683 2488 in
713 2424 919 2490 monumentis
950 2424 1146 2514 Aegyptiacis
1181 2427 1259 2493 deus

205 2540 305 2629 rutha
315 2537 419 2606 Soceri
435 2559 526 2627 saepe
540 2535 736 2602 scarabaeum
745 2535 881 2602 babctin
896 2535 1008 2625 capite.
1020 2533 1069 2604 cf.
1081 2535 1258 2627 Ghampoll.

204 2652 327 2723 Porrth.
354 2649 439 2742 Aeg.
469 2649 533 2716 tab.
554 2653 586 2717 8.
607 2660 639 2715 et
655 2647 823 2740 Dcecm'pt.
845 2647 897 2716 M.
923 2649 961 2717 0.
980 2647 1031 2716 X.
1049 2673 1120 2740 pag.
1142 2651 1194 2717 11.
1216 2648 1255 2718 A.
1396 2657 1397 2660 ’

206 2737 283 2846 215,
311 2787 378 2854 sqq.
410 2761 485 2851 quin
511 2773 542 2828 ct
571 2759 645 2826 deus
663 2760 785 2842 Thore,
809 2763 904 2826 altera
929 2761 1066 2851 ejusdem
1084 2763 1183 2828 forma
1200 2783 1255 2852 pro

205 2878 307 2969 capite
331 2874 426 2943 habet
450 2874 658 2942 scarabaeum.
706 2871 764 2942 Off.
785 2873 908 2942 Panto.
926 2874 1012 2967 Aeg.
1034 2874 1101 2943 tab.
1124 2877 1176 2955 13,
1203 2877 1253 2940 14.

84 3015 90 3024 ·
140 3015 144 3020 ·
205 3003 238 3057 et
254 2989 422 3079 Beacta'pt.
443 2987 495 3056 M.
519 2988 556 3058 0.
577 2986 626 3054 X.
648 3010 717 3077 pag.
739 2989 792 3055 12.
814 2986 851 3054 A.
865 2988 1162 3058 230-231.bis.
1182 2987 1255 3054 For-

207 3115 284 3168 tassc
310 3100 373 3167 huc
400 3121 524 3190 quoque
551 3101 684 3189 pertinet
712 3100 834 3189 imago,
864 3121 942 3188 quac
968 3098 1082 3165 dicitur
1098 3091 1254 3178 Pantheo,¹

206 3211 344 3300 ejusdem
370 3211 441 3293 dei,
471 3212 503 3276 in
530 3233 590 3300 qua
616 3211 697 3278 inter
721 3212 780 3278 alia
797 3210 900 3276 ruitur
917 3233 1041 3301 quoquc
1059 3225 1103 3278 cst
1123 3209 1254 3280 additus.

208 3320 257 3391 of.
278 3323 338 3413 Op.
355 3323 378 3390 l.
399 3321 439 3392 A.
460 3327 538 3403 232,
556 3325 633 3390 233.

251 3438 302 3500 snt
334 3435 381 3501 δὲ·
397 3442 450 3518 τῆς
478 3435 627 3524 ’Abnobae
658 3437 715 3516 τὴν
745 3438 829 3514 γῦπα
858 3436 1038 3521 γράφουσιν]
1087 3436 1191 3523 ¹Recte
1219 3433 1257 3500 do

192 3546 300 3631 ⁸Pauw
317 3544 371 3610 hic
389 3543 539 3635 quaedam
558 3543 660 3612 deesse
677 3557 782 3635 putat:
800 3557 835 3610 ut
852 3546 942 3616 enim,
954 3569 1032 3637 quae
1049 3547 1256 3637 explicationis

207 3658 275 3724 loco
303 3672 491 3746 sequuntur,
521 3657 597 3724 cleos
617 3681 671 3723 eos
687 3660 819 3724 eximie
841 3659 1051 3746 οἰρσενοθηλιῒς
1071 3681 1161 3741 esse,
1186 3681 1257 3727 cum

207 3767 461 3861 praecedentibus
487 3785 572 3838 recte
601 3771 802 3851 conveniant,
835 3781 952 3860 oportet
980 3782 1015 3836 ut
1043 3770 1075 3834 in
1102 3772 1257 3861 prioribus

206 3904 268 3948 nou
292 3893 411 3948 tantum
437 3895 543 3970 agatur
565 3882 757 3950 deunadca
777 3881 935 3960 Minerva,
959 3880 1123 3948 sedetiam
1142 3881 1256 3950 dedeo
1351 3969 1362 3982 .

135 4033 136 4038 .
208 3993 363 4076 Vulcano,
392 4008 423 4061 ct
447 3992 573 4084 quidem
593 3996 656 4075 ita,
680 4009 714 4064 ut
733 3993 806 4062 huic
823 3986 941 4083 signum
959 3993 1119 4063 foeminini
1138 3996 1255 4086 pencris
