2832 4876
219 303 284 367 ‘224
590 289 829 364 tunorium
854 313 897 362 no

219 499 285 570 tab.
306 501 338 565 3.
358 503 426 574 ter,
449 494 504 560 ubi
526 494 609 562 huuc
625 497 728 562 locum
744 494 950 584 llorapolliuis
967 493 1076 596 vertit,
1100 493 1199 560 facere
1215 495 1264 564 ri·

212 611 309 697 aletur
326 629 397 674 cum
414 606 605 686 Jablouslrio,
625 604 729 676 Νοῦν
747 605 788 671 ad
804 606 921 676 Νείλου
937 603 1087 695 dropace·
1100 607 1264 678 referente.
1372 645 1376 656 ·

199 725 208 766 ·’
218 721 305 810 Quod
324 733 427 787 autem
444 719 613 808 Hesychius
630 741 737 802 rocem
754 724 840 793 Νοῦς
859 718 1074 806 interpretatur
1090 723 1184 806 ψυχὴ,
1207 745 1265 786 πο.
1395 717 1396 728 ’

214 838 327 920 νομὸς,
357 835 469 916 μονὰς,
498 853 561 898 non
588 830 679 896 nimis
706 831 764 896 orit
790 827 981 919 urgendum,
1015 851 1111 920 quum
1138 830 1262 897 formare

67 957 75 981 ⁸
213 967 277 1014 non
309 943 477 1014 distinxerit
504 943 739 1032 appellationem
766 941 901 1008 fluminis
928 940 1134 1022 ordinariam,
1159 943 1199 1008 ah
1227 963 1262 1008 cn

215 1081 275 1149 qua
294 1056 488 1123 indicabatur
507 1068 644 1146 tempore
662 1053 853 1125 incrementi.

257 1171 359 1251 ἐπειδὴ
379 1173 397 1234 ό
418 1167 501 1250 ἣλιος
522 1172 562 1243 οἷς
583 1167 693 1236 λέοντα
714 1172 873 1250 γενόμενος
892 1165 1019 1233 πλείονα
1039 1171 1094 1248 τὴν
1110 1168 1262 1255 ἀνάβασιν
1396 1203 1397 1224 ο

210 1285 263 1346 τοῦ
285 1279 404 1347 Νείλου
424 1281 568 1365 ποιεῖτον]
610 1277 668 1346 Off.
688 1275 843 1346 Plutarch.
865 1277 906 1342 de
921 1276 972 1344 Ia.
992 1284 1024 1342 et
1042 1275 1098 1346 Oa.
1119 1300 1188 1367 υορ.
1200 1281 1260 1358 38,

209 1393 254 1459 in.
280 1413 349 1481 ρος.
367 1393 443 1457 366.
459 1388 498 1457 h.
532 1389 648 1456 Plinius
667 1388 763 1458 Ilist.
775 1389 856 1457 Nat.
876 1388 916 1456 V.
936 1388 1259 1480 9,med.etxvl11.

213 1505 275 1582 18,
298 1502 342 1570 in.
390 1498 479 1586 Quod
506 1499 620 1566 habent
649 1499 749 1568 codd.
772 1499 932 1580 nonnulli,
956 1496 1069 1568 λέοντι·
1083 1505 1261 1585 γενόμενος,

209 1613 284 1679 ferri
299 1625 430 1702 posset,
455 1612 480 1678 si
505 1635 561 1701 pro
589 1617 748 1710 γενόμενος
773 1612 925 1702 legeretur
956 1619 1190 1696 συγγενόμενος,
1224 1625 1285 1680 ut-

208 1737 292 1791 recte
319 1723 535 1792 animadvertit
558 1717 597 1790 tle
624 1724 734 1792 Pauo:
761 1725 805 1791 sic
823 1725 855 1789 in
872 1745 980 1804 versu,
1005 1733 1098 1814 quem
1124 1722 1260 1790 laudarit

208 1835 364 1905 Plutarch.
388 1837 410 1903 l.
436 1858 464 1904 c.
861 1830 864 1842 ’
890 1839 899 1862 ’
1071 1846 1073 1850 ’
1152 1839 1163 1882 l

429 1944 545 2000 'Heliou
562 1950 597 2000 τὰ
613 1948 708 2019 πρῶτον
725 1951 926 2018 συνορχομένονο
944 1950 1041 2002 λέοντι.

128 2048 133 2056 ’
193 2062 256 2129 .Ile
273 2083 330 2128 usu
348 2040 487 2151 praepos.
504 2067 549 2138 οἷς
565 2085 622 2152 pro
641 2067 674 2130 ἐν
693 2060 875 2154 adnotarunt
894 2062 1003 2150 Taylor
1021 2061 1060 2128 ad
1074 2061 1146 2150 Lys.
1157 2061 1255 2152 Epir.

207 2175 244 2240 F.
266 2181 296 2242 5.
321 2198 390 2263 ρος.
412 2179 465 2242 72.
498 2175 647 2241 Villoisou
666 2174 706 2240 ad
724 2176 822 2266 [ους.
842 2175 904 2243 111.
927 2179 997 2264 ρος.
1020 2177 1094 2241 175.
1126 2172 1258 2240 Pulairet
1285 2199 1288 2206 ·
1398 2161 1399 2172 ¹

212 2281 379 2351 obaeraret.
406 2284 544 2352 Bernard
571 2284 611 2348 ad
637 2287 739 2353 Noun.
771 2287 807 2354 T.
827 2286 854 2353 1.
877 2283 954 2374 ρος.
968 2290 1022 2351 20.
1048 2282 1087 2348 de
1105 2281 1259 2351 Pauw‘ad

205 2393 316 2460 Philon
334 2417 405 2484 pag.
428 2399 458 2462 4.
492 2394 618 2461 Wakef.
640 2393 724 2463 Silo.
746 2396 782 2464 T.
802 2396 847 2463 ll.
872 2419 942 2485 pag.
966 2397 1039 2461 132.
1079 2391 1282 2484 Schweigh-

206 2503 245 2570 ad
262 2502 378 2571 Herod.
395 2502 423 2572 I.
443 2507 496 2570 2⁴1.
531 2526 605 2594 quoa
630 2526 733 2572 omnes
753 2505 888 2570 laudarit
905 2502 1089 2582 Boissonade
1105 2503 1145 2569 ad
1162 2505 1260 2571 Nice-

206 2633 270 2686 tam
289 2618 501 2709 Eugeniauum
520 2617 564 2686 11.
589 2641 659 2708 ρος.
682 2622 762 2699 132,
789 2622 863 2685 133.
883 2655 928 2668 -
951 2614 1028 2686 cod.
1049 2615 1168 2685 Morell,
1193 2611 1258 2682 leo-

205 2733 265 2800 tio:
287 2730 427 2816 ονλείονον
454 2735 510 2814 τὴν
539 2731 690 2817 ἀνάβασιν
713 2737 843 2800 ποιεῖται
870 2736 922 2796 τοῦ
947 2737 1044 2811 θεοῦ,
1082 2729 1140 2794 etsi
1168 2729 1257 2796 Nilus

201 2856 288 2910 recte
306 2842 385 2908 dors
403 2839 540 2922 dicatur,
564 2854 666 2908 tumen
689 2839 762 2907 huic
782 2841 849 2908 loco
868 2835 970 2908 mitius
990 2841 1151 2907 convenire
1169 2839 1255 2922 ride-¹

205 2969 277 3037 tur,
307 2968 399 3046 atque
424 2955 614 3044 reliquorum
640 2954 821 3022 auctoritate
847 2955 1046 3045 inprobatur3
1081 2974 1165 3018 error
1190 2953 1254 3018 for·

200 3082 281 3136 tesso
308 3082 390 3136 ortus
417 3091 453 3135 cx
479 3067 561 3134 raria
587 3068 739 3149 lectione,
763 3090 823 3158 qua
846 3069 879 3134 in
896 3069 934 3134 iis
951 3089 1031 3157 quae
1048 3064 1184 3156 proxime
1200 3086 1253 3131 se-

204 3191 357 3269 quuntur,
381 3203 458 3270 pro:
483 3181 556 3256 ὥςτε
584 3181 720 3264 ἐμμένων
741 3186 784 3266 τῷ
811 3180 909 3262 {oiim
932 3185 1045 3262 τούτῳ,
1065 3177 1178 3243 lectum
1203 3176 1253 3242 lu-

203 3291 278 3361 erit:
304 3292 377 3367 ὣοτε
400 3293 578 3375 ἐμμένοντος
595 3297 647 3358 τοῦ
670 3291 774 3376 ἡλίου,
798 3289 846 3355 rel
865 3298 917 3356 τοῦ
940 3297 1024 3356 θεοῦ.
1056 3287 1154 3357 Illud:
1179 3289 1255 3365 ὣςτε

202 3404 382 3488 ἐμμένοντος
401 3408 452 3468 τοῦ
476 3402 564 3484 ἡλίου
587 3407 630 3488 τῷ
651 3403 749 3486 ζωδίῳ
769 3408 883 3487 τούτῳ,
915 3401 1032 3468 habeut
1051 3399 1150 3469 codd.
1171 3401 1251 3492 Αυς.

203 3513 298 3581 Paris.
331 3511 367 3583 (l.
398 3525 428 3579 et
455 3511 536 3579 ndu.
573 3535 696 3595 omnes;
732 3525 867 3580 attamen
898 3516 994 3581 secuti
1021 3537 1123 3581 sumus
1150 3510 1250 3580 codd.

204 3626 312 3693 Parias.
333 3625 374 3706 h,
385 3625 423 3692 B.
446 3625 631 3714 quibuscum
649 3626 750 3692 facere
767 3625 888 3694 ridetur
909 3625 1115 3695 God.lllorell.
1135 3625 1252 3692 hebens

202 3738 342 3826 ἐμμένον.
367 3731 520 3819 Alterum,
537 3739 717 3823 ἐμμένοντος
734 3733 934 3806 tribuendum
954 3739 1077 3806 fortasse
1094 3739 1251 3829 glossatori

204 3850 338 3932 cuidam,
353 3851 576 3936 nominativum
591 3851 728 3918 absolute
745 3852 878 3942 positum
896 3852 938 3916 ita
956 3852 1105 3940 explicare
1124 3851 1249 3920 volenti.
1270 3921 1272 3926 ,

206 3961 519 4031 chonomorem
542 3964 684 4031 ilicetum
708 3964 824 4052 liugan.
848 3961 892 4030 11.
919 3985 990 4052 ρος.
1015 3967 1068 4031 97.
1094 3968 1148 4032 98.
