2852 4864
193 307 254 372 124
556 287 797 360 annotino
822 308 865 355 an

187 509 283 589 μόνην
311 495 388 567 εἶναι
422 496 539 577 ἐκείνην
566 497 623 575 τὴν
655 493 712 568 ἔξω
738 499 847 558 τούτου
871 494 923 556 τοῦ
948 493 1067 574 κόομοο.
1096 503 1127 557 et
1152 482 1234 576 apud

190 611 289 699 ipsum
311 591 526 691 Horapsinfra
554 619 622 687 cap.
642 598 705 676 21,
729 595 807 664 fine:
842 599 875 663 ἐν
901 599 959 681 γὰρ
986 601 1029 681 τῷ
1053 595 1150 683 λοιπῷ
1170 597 1242 663 κλί-1

187 745 262 805 ματι
281 723 333 783 τοῦ
355 719 466 796 κόσμου
488 713 605 776 αἰτῶν
625 714 772 791 ποταμῶν
794 707 966 792 πλημμύραν
993 710 1027 776 ἐκ
1047 711 1091 793 τῷ
1114 713 1239 794 χειμῶνι

188 824 416 912 ἀποτελοῦνται)
425 850 437 904 ,·
451 818 505 888 sed
522 820 845 898 contumeliamve,
861 837 1002 907 quaeque
1020 816 1058 883 iis
1076 820 1237 886 continen-

191 957 258 1021 tua,
277 939 339 1005 siae
364 933 535 1013 nuendum,
558 931 653 1028 veluti
679 929 760 994 infra
778 951 847 1018 cap.
875 934 940 1010 34,
963 928 1041 998 fine:
1067 918 1103 997 οὗ
1126 929 1234 1021 [odo]

187 1053 282 1138 μηδὲν
304 1055 365 1116 ἔστι
391 1047 500 1113 πλεῖον
517 1049 596 1110 κατὰ
618 1046 673 1109 τὸν
695 1046 813 1124 κόσμον.

231 1169 304 1246 ὄφιν
325 1161 509 1243 ζωνραφοῦοι
531 1160 587 1238 τὴν
608 1156 715 1222 ἑαυτοῦ
735 1153 878 1220 ἐσθίοντα
897 1153 1005 1240 οὐρὰν]
1044 1152 1236 1236 Macrobius,

117 1339 120 1346 ,
188 1295 282 1366 quem
307 1267 348 1336 ad
373 1267 407 1340 h.
435 1268 459 1336 l.
486 1264 621 1332 laudavit
646 1263 786 1344 Pierius,
819 1261 957 1332 sauma
983 1262 1013 1334 Ι.
1038 1269 1077 1345 9,
1108 1264 1234 1336 medio:

189 1382 389 1453 »Phoenices
415 1378 448 1444 iu
473 1377 564 1443 sacris
582 1375 748 1464 imaginem
765 1377 830 1463 ejus
852 1371 989 1464 [munda]
1013 1376 1244 1466 exprimentes,-

190 1495 387 1582 »draconem
405 1491 556 1555 buxeumt
574 1485 607 1552 in
621 1487 729 1552 orbem
745 1484 926 1567 redactum,
942 1485 1135 1579 caudamque
1151 1513 1238 1558 suam

191 1635 212 1676 ο
224 1607 436 1684 devorantem,
461 1613 506 1668 ut.
518 1612 665 1690 appareat
680 1596 832 1665 muudum
851 1610 883 1666 ct
899 1621 935 1666 ex
949 1621 981 1666 se
994 1599 1062 1692 ipso
1080 1601 1123 1668 ali
1132 1651 1143 1684 ,
1158 1617 1190 1670 et
1204 1606 1238 1670 iu

190 1726 253 1786 »se
269 1715 417 1784 revolvie’
448 1713 572 1781 Procles
589 1711 651 1782 111.
671 1715 707 1777 itt
726 1709 810 1782 Tim.
828 1735 900 1802 pag.
916 1714 994 1783 216.
1011 1712 1105 1784 dicit:
1143 1716 1237 1784 »Ac-

191 1830 343 1922 »gyptios
369 1823 520 1894 mundum
552 1822 702 1928 iudicasse
726 1845 818 1890 cruce
844 1825 978 1905 Graeca,
1005 1849 1080 1916 ,qua
1106 1841 1238 1918 quatuor

192 1941 332 2019 >tutundi
351 1952 452 2032 partes
474 1937 735 2028 significarentur,
760 1959 901 2028 qaraeque
917 1939 1096 2029 cingebatur
1113 1963 1237 2034 serpen-

193 2071 275 2136 »te,
299 2051 409 2144 Cuoph
433 2050 551 2121 dicto.''
598 2049 1013 2142 uunb.1³raep.ttoang.
1033 2050 1060 2120 1.
1080 2055 1136 2123 10:
1162 2053 1238 2122 Ἔτι

190 2176 250 2254 μὴν
278 2170 308 2233 οἱ
328 2169 496 2246 Αἶνοπτιοι
517 2164 579 2230 ἀπὸ
604 2171 658 2246 τῆς
683 2165 776 2245 αὐτῆς
802 2164 922 2236 ἐννοίας
946 2167 1002 2230 τὸν
1028 2170 1137 2248 κόομον
1166 2175 1238 2253 γρά-

191 2305 315 2365 φοντες,
339 2283 478 2362 περιφερῆ
504 2274 614 2342 κύκλον
641 2275 774 2356 ἀεροειδῆ
798 2275 849 2338 καὶ
874 2277 1016 2356 nouanda
1041 2283 1235 2359 χοράοοονοι,

193 2394 244 2458 καὶ
273 2388 363 2473 μέσον
394 2387 558 2469 τεταμένον
585 2385 657 2464 ὄφιν
689 2387 920 2467 ἱεροκόμορφον,
944 2384 995 2446 καὶ
1026 2385 1088 2446 ἐστὶ
1114 2387 1148 2448 τὸ
1174 2394 1239 2453 πᾶν

192 2481 308 2590 σχῆμα,
344 2503 385 2574 ὥς
421 2501 456 2563 τὸ
492 2493 564 2580 παρ’
597 2501 667 2577 ἡμῖν
709 2492 806 2574 Θῆτα·
841 2494 894 2558 τὸν
931 2493 988 2574 μὲν
1024 2492 1133 2562 κύκλον
1166 2501 1239 2562 νόο-

193 2640 250 2699 μον
290 2619 472 2696 μηννοντεο,
509 2610 563 2674 τὸν
598 2605 631 2671 δὲ
667 2603 757 2687 μέσον
794 2605 865 2685 ὅφιν
899 2608 1072 2673 συνεκτικὸν
1111 2591 1217 2675 τοῦτον
1225 2649 1241 2691 ,-

152 2797 154 2804 ,
192 2729 313 2808 circuitio
350 2723 481 2804 δαίμονα
515 2718 720 2801 σημαίνοντες.
775 2710 825 2780 Gf.
857 2713 990 2796 Manet,
1022 2715 1116 2785 Et'st.
1150 2719 1236 2790 On‘t.

198 2838 345 2908 &tostin
369 2832 437 2901 Vol.
455 2829 483 2899 Ι.
502 2851 573 2920 pag.
588 2831 665 2896 273.
682 2839 755 2892 uota
772 2831 861 2896 3.-
876 2824 1050 2917 Gbampoll.
1069 2831 1101 2896 in
1120 2853 1172 2921 op.
1198 2831 1239 2900 dc

194 2948 349 3041 Hierogl.
373 2954 434 3013 oct.
464 2941 549 3034 Aeg.
580 2940 646 3009 tab.
673 2961 743 3028 geu.
770 2961 804 3010 n.
833 2943 920 3022 240,
942 2941 1072 3029 figuram
1095 2943 1239 3011 aProclo

194 3077 226 3130 et
253 3061 294 3126 ab
319 3058 451 3126 Eusebio
474 3051 659 3143 descriptam
685 3050 816 3142 explicat
834 3057 1018 3143 regionem,
1042 3061 1185 3136 terram,
1207 3070 1239 3124 ct

195 3170 362 3243 secuudum
390 3166 533 3247 eundem,
564 3164 643 3253 (tab.
670 3185 740 3252 geu.
768 3183 802 3234 n.
825 3162 903 3250 233)
926 3165 1063 3231 muudus
1086 3167 1239 3235 iudicatru

195 3287 291 3378 figura
327 3279 493 3372 symbolica
527 3275 624 3358 coeli,
665 3274 778 3340 additis
813 3273 998 3364 quibusdam
1032 3277 1100 3344 aliis
1134 3277 1237 3369 signis.

195 3392 509 3475 Animadvertendum
534 3401 637 3456 autem
661 3389 792 3455 Graecos
819 3385 858 3452 de
882 3386 1120 3478 hieroglyphicis
1138 3411 1240 3479 ragen-

196 3517 345 3591 tcs,‘n0n
373 3520 436 3575 tam
462 3501 607 3574 accurate,
627 3501 796 3572 distinxisse
822 3501 937 3582 rerba,
969 3502 1140 3584 mundum,
1172 3495 1240 3569 ier.

196 3646 290 3703 ram,
313 3623 487 3712 regz'ootem.
535 3615 591 3695 cf„
610 3613 657 3683 cl.
679 3615 820 3683 Reurens
839 3613 933 3705 Epp.
955 3613 1005 3680 ad
1019 3613 1238 3686 lctronm'um.

195 3738 257 3829 Ep.
279 3733 308 3804 t.
330 3755 400 3824 pap
425 3737 480 3800 35.
502 3768 548 3782 -
571 3728 669 3797 Glcm.
695 3726 782 3797 Alex.
808 3724 930 3826 Strom.
958 3725 1031 3796 Lib.¹
1050 3725 1090 3795 V.
1118 3751 1187 3818 cap.
1207 3734 1238 3797 4.

197 3865 276 3918 astra
295 3845 370 3913 dicit
387 3857 514 3935 propter
535 3841 692 3932 obliquam
709 3839 936 3907 conversionem
952 3837 993 3907 ab
1011 3840 1172 3933 Aegyptiis
1190 3841 1240 3908 iu·

197 3966 254 4033 isse
282 3957 449 4030 adsimilata
476 3955 654 4046 corporibus
685 3952 887 4044 serpentium:
936 3957 975 4020 τὰ
1009 3957 1066 4038 μὲν
1096 3959 1154 4042 γὰρ
1178 3957 1241 4022 τῶν
1282 3966 1289 3978 “

167 4282 960 4792 ,7ss
1134 4549 1234 4756 ’,
