2804 4872
312 233 851 357 ¹rromromrrusrrmnoer.
898 287 926 355 1.
951 291 982 354 a.
1029 379 1033 386 .
1110 291 1192 356 ‘rra

144 493 282 577 ἠμερῶν,
303 493 356 555 καὶ
378 488 533 573 τετάρτου]
582 486 679 554 Voces
696 491 747 554 unt
773 494 931 574 τετάρτου,
956 509 1143 580 quamquam
1156 491 1190 556 in
1227 507 1230 514 '

149 602 249 671 Godd.
269 625 330 667 non
357 601 519 689 leguntur,
544 596 718 666 addidimus
742 601 960 689 praeeuntibus
977 601 1124 670 Salmasio
1152 600 1191 669 ad

148 714 245 782 Solin.
274 721 343 803 pag.
364 717 439 780 389.
473 710 511 776 de
538 713 632 777 Pauw
658 712 692 776 in
718 710 788 778 adn.
819 710 908 782 adh.
928 714 950 780 l.
971 727 1002 779 et
1021 713 1192 779 ldeleroin

148 824 250 918 Opere
267 825 306 890 de
329 809 465 892 Obsero,
479 823 615 891 Astron.
638 823 677 887 V
674 832 715 890 et.
739 847 809 913 pag.
831 829 884 891 99.
903 837 975 890 nota
995 828 1024 892 1.
1046 847 1117 902 nam
1138 847 1192 891 an-

145 961 203 1004 nus
221 939 323 1005 solaris
340 947 462 1003 nonest
480 940 543 1001 365
566 948 686 1001 tantum
703 934 844 1017 dierum,
868 936 921 1002 sed
949 936 1067 1002 accedit
1086 949 1193 1026 quarta

147 1049 210 1114 diei
227 1057 327 1138 pars,
354 1048 492 1114 Fortasse
509 1060 602 1128 nota,
626 1069 685 1135 qua
708 1069 777 1135 pars
795 1048 847 1112 illa
865 1061 972 1138 quarta
990 1048 1090 1114 fuerat
1108 1047 1195 1114 indi·
1228 1104 1231 1112 .

147 1174 231 1242 cata,
243 1161 282 1226 ab
299 1158 469 1248 imperitis,
479 1172 636 1249 tamquam
654 1160 764 1225 calami
776 1149 891 1226 “ductus
913 1182 1150 1250 supervacaneus
1164 1175 1197 1228 et

147 1260 290 1358 fortuitus
309 1271 558 1360 fuitneglectns,
581 1271 675 1336 veluti
695 1272 818 1360 conjicit
837 1271 875 1337 de
890 1272 994 1341 Paurr.
1014 1311 1058 1321 -
1079 1274 1196 1341 Amne

146 1384 214 1450 Dei
228 1383 281 1449 hic
300 1383 479 1472 intelligitur
496 1384 716 1461 annueretis,
737 1386 823 1474 3653
844 1384 975 1452 dierum.
1021 1383 1075 1477 Sic
1093 1385 1194 1465 infra,

148 1518 217 1585 cap.
241 1499 300 1575 10,
325 1508 403 1561 ante*
421 1483 474 1562 fin.
499 1495 727 1562 ῦπεκτείνονταν
753 1498 809 1578 μὲν
837 1501 894 1581 γὰρ
920 1501 999 1562 κατὰ
1024 1505 1106 1581 προτὶ·
1123 1501 1217 1584 πρὸς,

146 1613 203 1689 τὴν
225 1615 276 1674 τοῦ
298 1614 371 1673 θεοῦ
391 1605 553 1688 ἀνατολήν.
602 1602 752 1694 ch.'ll.
779 1618 847 1694 post
864 1607 908 1674 in.
934 1612 966 1676 ἰν
989 1609 1070 1676 tuen
1092 1610 1124 1675 δὲ
1144 1616 1197 1676 τοῦ

145 1727 219 1787 θεοῦ
241 1723 438 1804 ὑπάρχοντος.
486 1713 562 1804 Cap.
584 1721 644 1796 35,
666 1717 739 1788 fine.
763 1721 893 1799 ὑπὸτῆς
920 1725 1102 1805 θερμότητος
1128 1727 1197 1788 τοῦ·

145 1857 201 1896 τοο
225 1839 276 1896 τοῦ
298 1835 381 1894 θεοῦ.
430 1825 478 1904 cf.
498 1825 630 1895 Wessel.
651 1826 691 1891 ad
708 1826 824 1895 Herod.
842 1826 886 1895 ll.
908 1850 975 1917 cap.
993 1832 1047 1899 24.
1065 1830 1124 1895 ubi
1141 1829 1197 1896 do-

147 1955 198 2008 cet
221 1943 297 2006 Θεόν
316 1938 355 2003 de
371 1938 443 2006 Sole
460 1959 523 2004 esse
541 1939 743 2005 tritissimum.
791 1938 862 2006 lilio
881 1939 974 2006 modo
994 1937 1197 2018 Censorinus,

117 2119 119 2126 ,
147 2053 227 2142 qui,
251 2063 285 2115 ut
302 2048 434 2115 vidimus
453 2073 565 2139 supra,
591 2048 644 2137 (de
662 2051 727 2117 Die
744 2050 826 2117 Nat.
850 2072 918 2140 cap.
945 2053 1012 2140 18.)
1035 2051 1199 2140 periodum
1284 2054 1289 2072 ‘

148 2182 300 2230 annorum
318 2159 502 2226 naturalium
522 2163 624 2240 1460,
648 2159 904 2250 Aegyptiacorum
926 2184 997 2228 rero
1016 2166 1122 2248 1461,
1146 2170 1200 2232 τὸν

146 2281 223 2344 θεοῦ
238 2259 388 2351 ἐνιαυτὸν,
409 2272 511 2338 vocari
530 2270 619 2338 docet
636 2277 778 2354 νεανικὸν,
793 2274 841 2338 vel
853 2274 997 2357 η’λνακὸν,
1022 2298 1040 2338 a
1057 2265 1199 2363 S'yncello

144 2389 272 2456 κυνικὸν
295 2385 424 2464 τεῦτλον,
447 2407 465 2448 a
485 2382 644 2449 Chalcidis
663 2405 776 2449 annum
795 2391 934 2464 κυνικὸν,
959 2383 1093 2455 aGlem.
1110 2388 1196 2456 Alex.

149 2495 273 2564 Strom.
295 2495 322 2562 1.
356 2515 426 2583 pag.
448 2497 521 2561 410.
546 2494 616 2562 ud.
646 2495 778 2560 Pottere'
793 2501 960 2579 ,οαθιανὴν
986 2499 1125 2583 περίοδον
1144 2521 1198 2564 ro-

149 2623 262 2676 eatam.
309 2605 453 2673 Sothiaca
479 2607 622 2695 periodus
648 2606 860 2696 appellabatur
886 2607 926 2672 ab
954 2620 1033 2674 astro
1061 2608 1198 2698 ejusdem

151 2720 305 2800 nominis,
329 2739 425 2808 eaque
451 2718 558 2798 linita,
581 2717 641 2784 hoc
659 2719 741 2784 sidus
759 2720 871 2784 iterum
890 2719 1081 2786 exoriebatur
1097 2722 1198 2808 primo

152 2833 206 2899 die
222 2831 332 2897 mensis
351 2831 382 2896 T
379 2831 456 2896 tort
473 2829 559 2897 dicti.
591 2819 640 2897 cf.
651 2829 753 2919 ldeler
768 2831 808 2895 de
826 2828 955 2897 θῦοανν.
967 2830 1104 2898 Astron.
1118 2831 1157 2894 V
1154 2838 1197 2900 et.

90 2931 93 2941 λ
150 2967 223 3037 pag.
243 2941 296 3020 95'.
315 2941 395 3007 etin
413 2942 554 3009 Erectio.
577 2941 746 3010 Chronl.
770 2945 945 3033 pag.l27,
968 2945 1042 3009 128.
1091 2939 1199 3009 Caete-

151 3079 222 3124 rum
242 3055 283 3122 cl.
303 3054 382 3121 infra
400 3052 444 3121 Il.
465 3059 519 3121 88.
543 3057 577 3118 τὸ
594 3055 637 3120 ’δὲ
659 3057 725 3130 ἕτοο
748 3055 814 3120 κατ’
840 3057 1033 3135 Αἷννπτίονς
1054 3062 1201 3138 τεσσάρων

152 3171 319 3246 ἐνιαυτῶν,
341 3165 397 3232 ubi
412 3175 490 3255 qnae
506 3163 667 3243 dicuntur,
689 3166 770 3231 utin
786 3165 848 3233 hoc
859 3157 978 3256 capite,
1002 3166 1199 3258 intelligenda

154 3293 223 3348 sunt
245 3278 286 3344 de
308 3278 467 3367 Aegyptiis
488 3278 719 3346 recentioribus.

198 3397 238 3458 τὰ
260 3395 318 3476 γὰρ
345 3392 473 3474 τέσσαρα
493 3393 622 3480 τέταρτα
649 3393 763 3477 ἡμέραν
790 3392 959 3478 ἀπαρτίζει]
1009 3391 1141 3462 lloesch.
1169 3405 1202 3458 et

155 3503 195 3570 de
208 3504 302 3571 Pauw
321 3499 501 3582 ediderunt,
522 3507 560 3568 τὰ
584 3505 616 3569 δὲ
635 3515 695 3569 eet.
719 3501 804 3598 quod
821 3515 851 3568 et
869 3503 970 3591 ipsum
987 3503 1113 3568 retineri
1129 3528 1199 3594 pos-

157 3615 214 3695 sit,
238 3635 310 3678 nam
327 3612 478 3703 particula
495 3613 527 3678 rt
543 3636 632 3703 saepe
646 3613 771 3702 ponitur
786 3613 869 3703 apud
883 3615 1043 3702 scriptores
1058 3615 1200 3695 Graecos,

157 3726 216 3792 ubi
233 3731 290 3810 yolo
306 3725 542 3815 exspectaveris,
560 3723 669 3790 eodem
685 3723 778 3790 modo
794 3737 886 3814 atque
894 3725 1072 3793 Latinorum
1081 3735 1214 3824 anem,

157 3859 215 3928 pro
234 3841 327 3906 enim.
375 3835 424 3906 Gl.
444 3838 551 3905 Herm.
563 3836 757 3927 adVigernm
774 3861 845 3927 pag.
868 3843 942 3907 845.
990 3839 1148 3906 Stalbaum
1164 3836 1204 3902 ad

158 3949 236 4016 l’lat.
267 3947 425 4040 Gorgiorm
448 3973 518 4040 pag.
544 3953 618 4020 461.
644 3951 683 4020 1).
707 3973 775 4040 cap.
802 3953 852 4019 16.
1023 3968 1038 4054 χ’

1031 4061 1035 4068 ’
1077 4063 1115 4126 17
