2832 4876
205 314 287 412 am„
572 303 815 376 annonario
839 323 882 374 an

204 511 381 597 antiquus,
400 515 506 587 octus,
530 520 562 573 ct
584 531 715 597 surram
740 509 789 574 rel
812 531 959 588 saruc,
982 507 1096 596 quibus
1122 509 1257 576 nomini-

205 622 263 687 bus
284 620 385 708 illilus
412 632 558 700 vocetur,
582 621 623 685 ab
643 621 752 688 eadem
781 621 869 688 litera
898 611 1069 712 incipiunt,
1092 634 1185 712 atque
1202 647 1259 690 vox

75 793 81 802 ,
206 758 355 812 ennon,
379 756 442 822 qua
451 733 641 823 phoenicem
656 733 696 798 ab
706 732 866 823 Aegyptiis
879 746 1020 802 vocatum
1030 735 1122 801 baisse
1137 737 1255 819 stetuit3

172 847 175 854 ’
204 846 247 912 cf.
268 867 390 934 qnoque
409 847 468 935 up.
485 845 528 913 11.
549 869 620 935 pag.
634 850 751 913 35-37.
776 839 832 911 ubi
849 847 985 914 refutare
1001 860 1128 914 conatur
1144 845 1259 914 Cham-

204 956 393 1048 pollionem,
417 958 450 1022 in
470 957 619 1041 Censura
629 980 721 1046 quam
740 957 930 1024 laudavimus
942 1007 952 1040 ,
963 957 1254 1030 ·vocibua·aauors

203 1088 235 1140 et
259 1096 387 1142 aurun
411 1071 559 1160 originem
583 1071 732 1138 Graecam
756 1071 964 1158 tribuentem„

249 1181 343 1271 apud
358 1181 510 1272 Seyffertb
528 1205 599 1272 pag.
620 1185 695 1250 161.
714 1181 799 1250 med.
811 1184 959 1272 phoenix
978 1181 1057 1250 Solis
1072 1181 1259 1271 atquedoris

204 1293 589 1406 planetarum-spmbolum
606 1307 743 1363 vocatur.

618 1493 723 1542 CAPUT
746 1494 843 1542 XXXV.

168 1624 175 1640 ⁸
245 1635 308 1697 Διὰ
328 1609 534 1699 πενταιξοσίων
556 1634 636 1697 ἐτῶν
657 1632 872 1717 παραγίνεται]
914 1630 961 1697 Ile
980 1631 1074 1698 Pauw
1093 1650 1258 1698 numerum

204 1761 353 1806 annorum
386 1748 565 1838 corruptum
601 1739 698 1821 dicit,
732 1763 804 1806 enm
831 1742 923 1808 nimis
956 1743 1098 1832 exiguum
1124 1755 1255 1832 putans,

203 1869 300 1941 quum
321 1854 394 1920 Lib.
411 1853 456 1922 ll.
476 1877 544 1944 cap.
567 1860 622 1922 89.
654 1854 772 1920 cornici
789 1853 1006 1944 quadringenti
1024 1854 1097 1920 anni
1117 1853 1258 1920 tribuan-

203 1979 272 2047 tur,
296 1979 327 2032 et
344 1966 501 2033 basiliscus
518 1966 609 2055 hujus
626 1966 720 2047 libri,
745 1989 813 2056 cap.
836 1970 866 2036 1.
886 1989 922 2031 er
937 1968 1144 2048 correctione,
1164 1989 1258 2055 quam

86 2100 88 2106 ’
202 2077 243 2144 ad
260 2101 332 2146 eum
348 2080 451 2146 locum
470 2079 650 2170 proposuit,
674 2077 795 2146 dicatur
822 2079 977 2169 pertinere
1003 2078 1043 2144 ad
1070 2079 1257 2169 serpentium

193 2173 295 2278 'gentis
316 2196 411 2272 μόνον
430 2195 484 2256 οὐκ
506 2195 686 2275 aldermon
711 2191 817 2278 itaque
844 2213 906 2256 non
925 2189 1046 2256 dubitat
1061 2194 1174 2280 ·>›quin
1193 2190 1258 2280 ipse

80 2375 83 2380 Ι
202 2301 400 2388 »Hornpollo
430 2301 477 2366 vel
505 2314 621 2388 septem
650 2323 801 2370 annorum
826 2300 941 2379 millia,
966 2302 1014 2366 rel
1037 2324 1131 2368 annos
1151 2303 1258 2370 saltem

202 2409 318 2475 »mille
346 2408 582 2498 quadringentos
600 2413 753 2499 sexaginta
777 2424 808 2475 et
826 2433 922 2476 unum
939 2409 1084 2499 phoenici
1102 2435 1164 2500 pro.
1177 2414 1259 2480 vitae

201 2520 332 2611 »spatio
348 2519 586 2608 adsignaverit.”
619 2519 682 2588 Sed
698 2519 797 2588 Godd.
814 2520 1073 2587 consentientibus
1089 2521 1173 2587 locus
1186 2544 1260 2588 mu-

200 2631 310 2698 tandus
337 2629 555 2712 non-videtum
583 2654 699 2721 quum,
724 2632 844 2700 etiamsi
864 2621 1067 2700 concedamus
1085 2633 1145 2698 hoe
1163 2649 1259 2724 caput

200 2745 248 2810 uti
275 2756 308 2809 et
333 2741 519 2833 praecedens
547 2744 588 2809 ab
616 2743 726 2810 eodem
752 2759 845 2834 atque
864 2745 1000 2834 reliqua,
1022 2746 1172 2835 scriptore
1195 2767 1257 2814 esse

200 2856 371 2947 prolecta,'
388 2856 486 2946 (quod
513 2869 617 2922 umen
646 2858 686 2925 ob
715 2859 786 2946 styli
811 2858 1016 2925 differentiam
1043 2857 1173 2924 minime
1198 2881 1255 2948 pro

200 2984 284 3038 certo
301 2969 411 3036 haberi
426 2969 538 3058 potest)
558 2983 662 3036 tamen
679 2984 763 3038 recte
780 2970 964 3060 phoenicem
983 2971 1120 3038 omnium
1140 2969 1257 3038 anima-

201 3084 278 3149 lium
297 3081 469 3148 diutissime
488 3082 613 3162 virere‚
633 3082 801 3173 llorapollo
821 3081 925 3149 dicere
946 3083 1068 3172 potuit,
1090 3083 1139 3150 rel
1165 3083 1256 3173 qnin-

201 3195 298 3283 gentis
326 3206 445 3260 tantum
473 3193 560 3260 annis
586 3195 650 3281 ejus
675 3195 771 3261 vitam
799 3194 1071 3277 circumscribens3
1103 3196 1146 3262 ita
1174 3195 1255 3262 enim

201 3317 326 3371 centum
353 3306 439 3370 annis
468 3318 590 3395 superat
617 3318 750 3371 aetatem
777 3304 925 3388 comicis3
957 3319 988 3372 et
1016 3329 1088 3372 curn
1114 3307 1255 3374 basilisco

201 3415 373 3508 comparari
392 3439 454 3483 non
471 3431 591 3505 potest,
615 3417 667 3482 eui
684 3418 946 3486 immortalitatem
964 3419 1004 3486 ab
1023 3419 1182 3510 Aegyptiis
1198 3418 1255 3486 tri·

200 3529 257 3596 bui
275 3529 392 3596 dictum
413 3541 459 3595 est
476 3551 567 3618 supra
584 3551 653 3620 cap.
677 3533 707 3598 1.
750 3531 910 3599 Praeterea
927 3531 987 3622 ipsi
1004 3545 1121 3598 ueteres
1140 3530 1255 3598 dissen-
1344 3601 1348 3609 ,

80 3660 85 3673 '
199 3642 281 3708 tiunt
300 3641 340 3706 de
359 3654 457 3707 aetate
475 3639 621 3732 phoenici
639 3641 813 3711 tribuenda.
855 3643 1046 3710 Chaeremon
1064 3642 1253 3733 Aegyptius,
1337 3624 1341 3636 ¹

200 3751 283 3844 apud
312 3741 474 3834 Tzetnem‚
500 3757 587 3820 7000
614 3777 707 3820 annos
734 3755 780 3820 illi
807 3753 971 3826 adscribit:
996 3755 1124 3823 Nonnus
1149 3759 1251 3835 1000;

200 3865 316 3932 Plinius
345 3869 431 3945 660,
454 3865 523 3946 rel,
547 3879 582 3932 ut
608 3867 747 3933 nonnulli
772 3867 895 3956 legunt,
922 3872 997 3935 540.
1047 3865 1127 3934 (lum
1150 3865 1254 3934 Hora-

199 3978 313 4066 polline
340 3976 457 4043 faciunt
485 3977 602 4062 Herod.
636 3978 755 4048 belian.
786 3979 914 4066 Glycas,
938 3979 1002 4048 alii.
1052 3977 1102 4049 (tf.
1127 3979 1159 4044 in
1184 3979 1253 4068 pri-
