2852 4864
475 629 913 747 sunornuro
1110 739 1112 742 ¹
1218 733 1220 740 ,

665 892 725 958 ΑΙ),

125 1215 128 1226 .
207 1077 1171 1300 nonnno'uurursnruor

291 1315 1084 1544 nuunccurnnicoauu

393 1657 395 1672 ·
515 1655 680 1722 crunon
701 1625 880 1719 runnu.

570 1881 816 1910 w
866 1901 879 1916 ,ι

619 2053 729 2148 ἀναν
749 2093 774 2144 r.
919 2109 923 2116 ·

211 2315 287 2389 Πῶς
307 2313 407 2378 αἰῶνα
427 2304 629 2398 σημαίνουσα]
676 2307 775 2375 Recte
797 2303 954 2376 Meroerns
979 2307 1149 2376 observavit
1171 2333 1223 2394 oq·

158 2427 312 2510 'patronos
337 2405 391 2492 bic
427 2413 493 2488 esso
518 2413 758 2511 praeferendum
781 2419 871 2486 alteri
904 2423 1061 2518 αημαίνει,
1091 2441 1164 2486 nam
1190 2420 1223 2486 in

170 2559 256 2626 seqq.
279 2555 404 2626 qnoque
424 2533 562 2623 capitum
585 2533 682 2600 titulis
703 2532 830 2623 pluralis
852 2553 998 2598 numerus
1024 2545 1198 2621 usurpatur.
1334 2587 1337 2597 t

213 2651 326 2714 Αῖῶνα
347 2642 573 2733 σημαίνοντες,]
599 2649 698 2713 αἰῶνα
720 2645 902 2734 interpretes
928 2664 1061 2722 aeirem
1074 2641 1223 2710 'dubitari

170 2759 265 2850 possit
280 2771 383 2824 utrum
402 2758 635 2837 aeternitatem,
659 2779 698 2822 an
720 2779 793 2823 vero
810 2755 933 2845 tempus
960 2755 1116 2845 quoddam
1141 2754 1223 2820 desa
1285 2800 1287 2804 ,

169 2869 271 2936 nituru
288 2867 347 2934 bic
372 2869 543 2960 intelligere
570 2866 756 2949 debeamns3
785 2889 842 2957 pro
870 2866 967 2956 priori
981 2867 1048 2932 illa
1074 2859 1224 2932 sententia

170 3003 311 3072 pugnare
322 2979 466 3048 ridentur
483 2979 615 3047 rationes
632 3003 707 3070 quas
728 2977 817 3044 addit
835 2977 981 3069 scriptor:
1006 2977 1101 3044 solem
1121 2989 1153 3042 et
1170 2977 1224 3041 lo-

168 3113 240 3159 nam
258 3097 369 3160 αἰώνια
390 3088 468 3161 εἶναι
491 3099 643 3179 araxem
664 3103 732 3158 tum
750 3089 834 3181 quod
851 3096 904 3158 τὸν
929 3095 1028 3156 αἰῶνα
1050 3087 1222 3154 indicatum

169 3202 358 3271 iuissedioit
383 3203 523 3272 basilisco
545 3203 613 3293 (qui
641 3225 763 3296 serpens
789 3204 829 3270 ab
859 3199 1019 3292 Aegyptiis
1045 3194 1224 3268 immortalis

170 3314 354 3405 habebatur)
378 3313 509 3383 caudam
531 3317 589 3382 sub
614 3334 743 3408 corpore
765 3316 949 3383 occultatam
968 3312 1124 3395 habente,
1150 3315 1223 3402 (ou-

165 3430 216 3519 jus
232 3429 327 3520 igitur
345 3425 442 3495 ueluti
468 3441 500 3496 et
527 3429 738 3510 aeternitatis3
762 3423 833 3495 finis
859 3451 921 3495 non
948 3425 1166 3516 conspiciatur)
1192 3405 1242 3491 et*

170 3525 307 3631 deniquo
332 3539 417 3631 quod
442 3537 551 3623 addit,
583 3541 764 3632 Aegyptios,
777 3541 861 3607 hunc
888 3551 1060 3628 serpentem
1087 3537 1224 3606 lieorum

171 3651 324 3742 capitibus
346 3653 506 3744 imponere
529 3653 637 3722 solere.
683 3653 741 3720 Sin
758 3656 859 3721 αἰῶνα
878 3650 931 3716 hic
955 3643 1148 3740 interpretari
1166 3645 1224 3716 ie-

170 3763 284 3845 limnr,
307 3774 431 3857 terpus
452 3765 616 3857 psooddam
638 3763 825 3853 definitum,
848 3763 897 3830 vel
919 3771 1043 3854 ternpus
1067 3762 1222 3839 universe,
1329 3782 1331 3784 ·

172 3877 265 3946 statui
283 3876 407 3946 toruos
424 3878 519 3970 possit
532 3877 781 3968 Horapollinern,
798 3874 1030 3966 hieroglyphice
1040 3873 1153 3964 quibus
1169 3891 1224 3936 an·

171 4009 227 4058 nus
243 3987 321 4077 (rid.
333 3989 398 4062 tab'.
408 4003 510 4059 nostra
527 4013 560 4063 n.
573 3989 619 4076 i.)
636 3990 676 4056 ab
686 3987 846 4081 Aegyptiis
861 3987 1046 4058 scriberetur
1060 4005 1121 4050 uon
1139 3995 1224 4050 recte
