<?xml version="1.0" encoding="UTF-8"?>
<!DOCTYPE html PUBLIC "-//W3C//DTD XHTML 1.0 Transitional//EN"
    "http://www.w3.org/TR/xhtml1/DTD/xhtml1-transitional.dtd">
<html xmlns="http://www.w3.org/1999/xhtml" xml:lang="en" lang="en">
 <head>
  <title>
</title>
<meta http-equiv="Content-Type" content="text/html;charset=utf-8" />
  <meta name='ocr-system' content='tesseract 3.04.00' />
  <meta name='ocr-capabilities' content='ocr_page ocr_carea ocr_par ocr_line ocrx_word'/>
</head>
<body>
  <div class='ocr_page' id='page_1' title='image "./horapollinisnil01leemgoog_0255.png"; bbox 0 0 2804 4872; ppageno 0'>
   <div class='ocr_carea' id='block_1_1' title="bbox 727 36 735 75">
    <p class='ocr_par' dir='ltr' id='par_1_1' title="bbox 727 36 735 75">
     <span class='ocr_line' id='line_1_1' title="bbox 727 36 735 75; baseline 0 0"><span class='ocrx_word' id='word_1_1' title='bbox 727 36 735 75; x_wconf 77' lang='lat' dir='ltr'><strong>l</strong></span> 
     </span>
    </p>
   </div>
   <div class='ocr_carea' id='block_1_2' title="bbox 208 273 1059 387">
    <p class='ocr_par' dir='ltr' id='par_1_2' title="bbox 208 273 1059 387">
     <span class='ocr_line' id='line_1_2' title="bbox 208 273 1059 387; baseline -0.009 -2"><span class='ocrx_word' id='word_1_2' title='bbox 208 315 272 387; x_wconf 79' lang='lat'><strong>204</strong></span> <span class='ocrx_word' id='word_1_3' title='bbox 551 273 887 386; x_wconf 70' lang='lat' dir='ltr'><strong>nonorrno&#39;n</strong></span> <span class='ocrx_word' id='word_1_4' title='bbox 952 373 958 380; x_wconf 91' lang='lat'><strong>.</strong></span> <span class='ocrx_word' id='word_1_5' title='bbox 1000 325 1059 377; x_wconf 55' lang='grc' dir='ltr'><strong>υ,</strong></span> 
     </span>
    </p>
   </div>
   <div class='ocr_carea' id='block_1_3' title="bbox 92 513 1309 2181">
    <p class='ocr_par' dir='ltr' id='par_1_3' title="bbox 92 499 1260 1056">
     <span class='ocr_line' id='line_1_3' title="bbox 92 513 1258 608; baseline -0.001 -21"><span class='ocrx_word' id='word_1_6' title='bbox 92 561 94 566; x_wconf 92' lang='grc'>-</span> <span class='ocrx_word' id='word_1_7' title='bbox 153 513 156 520; x_wconf 63' lang='grc'><strong>’</strong></span> <span class='ocrx_word' id='word_1_8' title='bbox 205 521 307 588; x_wconf 85' lang='lat' dir='ltr'><strong>tuisse.</strong></span> <span class='ocrx_word' id='word_1_9' title='bbox 341 555 386 570; x_wconf 82' lang='lat'><strong>--</strong></span> <span class='ocrx_word' id='word_1_10' title='bbox 410 517 509 603; x_wconf 71' lang='lat' dir='ltr'><strong>,Quae</strong></span> <span class='ocrx_word' id='word_1_11' title='bbox 536 529 705 607; x_wconf 89' lang='lat' dir='ltr'><strong>sequuntur</strong></span> <span class='ocrx_word' id='word_1_12' title='bbox 730 525 872 603; x_wconf 75' lang='grc' dir='ltr'><strong><em>καθάπερ</em></strong></span> <span class='ocrx_word' id='word_1_13' title='bbox 898 521 961 590; x_wconf 72' lang='grc' dir='ltr'><strong>καὶ,</strong></span> <span class='ocrx_word' id='word_1_14' title='bbox 977 522 1008 585; x_wconf 80' lang='lat' dir='ltr'><strong>ot</strong></span> <span class='ocrx_word' id='word_1_15' title='bbox 1031 523 1120 605; x_wconf 61' lang='lat' dir='ltr'><strong>{speie</strong></span> <span class='ocrx_word' id='word_1_16' title='bbox 1146 517 1258 608; x_wconf 64' lang='lat' dir='ltr'><strong>[lardo]</strong></span> 
     </span>
     <span class='ocr_line' id='line_1_4' title="bbox 206 613 1260 722; baseline 0 -26"><span class='ocrx_word' id='word_1_17' title='bbox 206 613 386 722; x_wconf 77' lang='lat' dir='ltr'><strong>interpretes</strong></span> <span class='ocrx_word' id='word_1_18' title='bbox 412 628 629 696; x_wconf 88' lang='lat' dir='ltr'><strong>reddiderunt:</strong></span> <span class='ocrx_word' id='word_1_19' title='bbox 655 621 757 693; x_wconf 70' lang='lat' dir='ltr'><strong>velidi</strong></span> <span class='ocrx_word' id='word_1_20' title='bbox 784 637 815 694; x_wconf 82' lang='lat' dir='ltr'><strong>et</strong></span> <span class='ocrx_word' id='word_1_21' title='bbox 843 627 973 693; x_wconf 64' lang='lat' dir='ltr'><strong>externi</strong></span> <span class='ocrx_word' id='word_1_22' title='bbox 992 627 1204 708; x_wconf 58' lang='lat' dir='ltr'><strong>:sacerdotem</strong></span> <span class='ocrx_word' id='word_1_23' title='bbox 1225 643 1260 696; x_wconf 74' lang='lat' dir='ltr'><strong>et</strong></span> 
     </span>
     <span class='ocr_line' id='line_1_5' title="bbox 204 740 1260 830; baseline -0.002 -20"><span class='ocrx_word' id='word_1_24' title='bbox 204 755 288 810; x_wconf 87' lang='lat' dir='ltr'><strong>recte</strong></span> <span class='ocrx_word' id='word_1_25' title='bbox 311 741 351 808; x_wconf 90' lang='lat' dir='ltr'><strong>de</strong></span> <span class='ocrx_word' id='word_1_26' title='bbox 373 742 469 810; x_wconf 83' lang='lat' dir='ltr'><strong>Pauw</strong></span> <span class='ocrx_word' id='word_1_27' title='bbox 495 741 687 821; x_wconf 75' lang='lat' dir='ltr'>observavit,</span> <span class='ocrx_word' id='word_1_28' title='bbox 720 740 772 806; x_wconf 80' lang='lat' dir='ltr'><strong>ille</strong></span> <span class='ocrx_word' id='word_1_29' title='bbox 798 751 903 829; x_wconf 90' lang='lat' dir='ltr'><strong>aptum</strong></span> <span class='ocrx_word' id='word_1_30' title='bbox 921 761 1053 807; x_wconf 80' lang='lat' dir='ltr'><strong>:sensum</strong></span> <span class='ocrx_word' id='word_1_31' title='bbox 1073 763 1136 810; x_wconf 86' lang='lat' dir='ltr'><strong>uon</strong></span> <span class='ocrx_word' id='word_1_32' title='bbox 1165 759 1260 830; x_wconf 84' lang='lat' dir='ltr'><strong>prac-</strong></span> 
     </span>
     <span class='ocr_line' id='line_1_6' title="bbox 204 850 1257 948; baseline -0.002 -26"><span class='ocrx_word' id='word_1_33' title='bbox 204 857 299 924; x_wconf 88' lang='lat' dir='ltr'><strong>bere:</strong></span> <span class='ocrx_word' id='word_1_34' title='bbox 331 855 356 920; x_wconf 88' lang='lat' dir='ltr'><strong>si</strong></span> <span class='ocrx_word' id='word_1_35' title='bbox 392 855 476 920; x_wconf 90' lang='lat' dir='ltr'><strong>enim</strong></span> <span class='ocrx_word' id='word_1_36' title='bbox 508 853 718 948; x_wconf 78' lang='lat' dir='ltr'><strong>intelligantur</strong></span> <span class='ocrx_word' id='word_1_37' title='bbox 751 850 922 918; x_wconf 74' lang='lat' dir='ltr'><strong>sacerdotes</strong></span> <span class='ocrx_word' id='word_1_38' title='bbox 948 865 1043 944; x_wconf 76' lang='lat' dir='ltr'><strong>eitra·</strong></span> <span class='ocrx_word' id='word_1_39' title='bbox 1056 856 1257 942; x_wconf 71' lang='lat' dir='ltr'><strong>Aegyptum,</strong></span> 
     </span>
     <span class='ocr_line' id='line_1_7' title="bbox 203 963 1258 1056; baseline -0.003 -21"><span class='ocrx_word' id='word_1_40' title='bbox 203 967 259 1035; x_wconf 89' lang='lat' dir='ltr'><strong>hos</strong></span> <span class='ocrx_word' id='word_1_41' title='bbox 277 967 317 1033; x_wconf 84' lang='lat' dir='ltr'><strong>ab</strong></span> <span class='ocrx_word' id='word_1_42' title='bbox 331 981 389 1033; x_wconf 87' lang='lat' dir='ltr'><strong>&#39;esu</strong></span> <span class='ocrx_word' id='word_1_43' title='bbox 405 965 537 1056; x_wconf 83' lang='lat' dir='ltr'><strong>piscium</strong></span> <span class='ocrx_word' id='word_1_44' title='bbox 555 965 722 1030; x_wconf 85' lang='lat' dir='ltr'><strong>abtinuisse</strong></span> <span class='ocrx_word' id='word_1_45' title='bbox 739 963 862 1030; x_wconf 86' lang='lat' dir='ltr'><strong>aliunde</strong></span> <span class='ocrx_word' id='word_1_46' title='bbox 882 987 944 1030; x_wconf 90' lang='lat' dir='ltr'><strong>nou</strong></span> <span class='ocrx_word' id='word_1_47' title='bbox 969 971 1107 1045; x_wconf 85' lang='lat' dir='ltr'><strong>constat,</strong></span> <span class='ocrx_word' id='word_1_48' title='bbox 1128 965 1195 1032; x_wconf 89' lang='lat' dir='ltr'><strong>imo</strong></span> <span class='ocrx_word' id='word_1_49' title='bbox 1221 987 1258 1032; x_wconf 86' lang='lat' dir='ltr'><strong>cc</strong></span> 
     </span>
    </p>

    <p class='ocr_par' dir='ltr' id='par_1_4' title="bbox 197 1061 1309 2181">
     <span class='ocr_line' id='line_1_8' title="bbox 205 1061 1309 1170; baseline 0 -24"><span class='ocrx_word' id='word_1_50' title='bbox 205 1092 364 1170; x_wconf 90' lang='lat' dir='ltr'><strong>tempore,</strong></span> <span class='ocrx_word' id='word_1_51' title='bbox 389 1100 451 1168; x_wconf 89' lang='lat' dir='ltr'><strong>quo</strong></span> <span class='ocrx_word' id='word_1_52' title='bbox 474 1077 625 1167; x_wconf 89' lang='lat' dir='ltr'><strong>hocopus</strong></span> <span class='ocrx_word' id='word_1_53' title='bbox 643 1076 792 1165; x_wconf 87' lang='lat' dir='ltr'><strong>scriptum</strong></span> <span class='ocrx_word' id='word_1_54' title='bbox 810 1077 902 1144; x_wconf 84' lang='lat' dir='ltr'><strong>luisse</strong></span> <span class='ocrx_word' id='word_1_55' title='bbox 920 1076 1061 1168; x_wconf 78' lang='lat' dir='ltr'><strong>videtur,</strong></span> <span class='ocrx_word' id='word_1_56' title='bbox 1085 1078 1258 1148; x_wconf 72' lang='lat' dir='ltr'><strong>memdoter</strong></span> <span class='ocrx_word' id='word_1_57' title='bbox 1307 1061 1309 1066; x_wconf 31' lang='lat'><strong>¹</strong></span> 
     </span>
     <span class='ocr_line' id='line_1_9' title="bbox 205 1189 1259 1279; baseline -0.002 -21"><span class='ocrx_word' id='word_1_58' title='bbox 205 1189 376 1258; x_wconf 73' lang='lat' dir='ltr'><strong>Christiani</strong></span> <span class='ocrx_word' id='word_1_59' title='bbox 402 1191 539 1279; x_wconf 86' lang='lat' dir='ltr'><strong>piscibus</strong></span> <span class='ocrx_word' id='word_1_60' title='bbox 567 1189 600 1254; x_wconf 93' lang='lat' dir='ltr'><strong>in</strong></span> <span class='ocrx_word' id='word_1_61' title='bbox 627 1189 737 1279; x_wconf 86' lang='lat' dir='ltr'><strong>primis</strong></span> <span class='ocrx_word' id='word_1_62' title='bbox 761 1189 979 1270; x_wconf 79' lang='lat' dir='ltr'><strong>vescebantur3</strong></span> <span class='ocrx_word' id='word_1_63' title='bbox 1014 1189 1119 1277; x_wconf 83' lang='lat' dir='ltr'><strong>itaque</strong></span> <span class='ocrx_word' id='word_1_64' title='bbox 1142 1190 1259 1262; x_wconf 80' lang='lat' dir='ltr'><strong>lacien-</strong></span> 
     </span>
     <span class='ocr_line' id='line_1_10' title="bbox 204 1300 1258 1391; baseline 0.004 -25"><span class='ocrx_word' id='word_1_65' title='bbox 204 1301 279 1367; x_wconf 91' lang='lat' dir='ltr'><strong>dum</strong></span> <span class='ocrx_word' id='word_1_66' title='bbox 306 1303 432 1369; x_wconf 82' lang='lat' dir='ltr'><strong>fortasse</strong></span> <span class='ocrx_word' id='word_1_67' title='bbox 459 1323 530 1367; x_wconf 90' lang='lat' dir='ltr'><strong>cum</strong></span> <span class='ocrx_word' id='word_1_68' title='bbox 553 1301 698 1382; x_wconf 82' lang='lat' dir='ltr'><strong>Paunio,</strong></span> <span class='ocrx_word' id='word_1_69' title='bbox 722 1313 791 1390; x_wconf 89' lang='lat' dir='ltr'><strong>post</strong></span> <span class='ocrx_word' id='word_1_70' title='bbox 814 1306 897 1389; x_wconf 69' lang='grc' dir='ltr'><em>ἱερεῖς</em></span> <span class='ocrx_word' id='word_1_71' title='bbox 914 1300 1141 1370; x_wconf 80' lang='lat' dir='ltr'><strong>distinctionem</strong></span> <span class='ocrx_word' id='word_1_72' title='bbox 1159 1305 1258 1391; x_wconf 68' lang='lat' dir='ltr'><strong>mejo-</strong></span> 
     </span>
     <span class='ocr_line' id='line_1_11' title="bbox 202 1411 1258 1504; baseline 0.001 -23"><span class='ocrx_word' id='word_1_73' title='bbox 202 1435 270 1481; x_wconf 88' lang='lat' dir='ltr'><strong>rem</strong></span> <span class='ocrx_word' id='word_1_74' title='bbox 287 1435 351 1480; x_wconf 86' lang='lat' dir='ltr'><strong>esse</strong></span> <span class='ocrx_word' id='word_1_75' title='bbox 366 1411 551 1502; x_wconf 88' lang='lat' dir='ltr'><strong>ponendam.</strong></span> <span class='ocrx_word' id='word_1_76' title='bbox 600 1413 665 1480; x_wconf 80' lang='lat' dir='ltr'><strong>Vox</strong></span> <span class='ocrx_word' id='word_1_77' title='bbox 686 1419 769 1489; x_wconf 78' lang='grc' dir='ltr'><strong><em>ἐκτὸς</em></strong></span> <span class='ocrx_word' id='word_1_78' title='bbox 797 1414 841 1480; x_wconf 83' lang='lat' dir='ltr'><strong>ita</strong></span> <span class='ocrx_word' id='word_1_79' title='bbox 866 1434 939 1479; x_wconf 86' lang='lat' dir='ltr'><strong>cunr</strong></span> <span class='ocrx_word' id='word_1_80' title='bbox 961 1414 1160 1504; x_wconf 82' lang='lat' dir='ltr'><strong>sequentibus</strong></span> <span class='ocrx_word' id='word_1_81' title='bbox 1177 1437 1258 1482; x_wconf 87' lang='lat' dir='ltr'><strong>con·</strong></span> 
     </span>
     <span class='ocr_line' id='line_1_12' title="bbox 197 1524 1255 1618; baseline 0.001 -25"><span class='ocrx_word' id='word_1_82' title='bbox 197 1531 317 1618; x_wconf 87' lang='lat' dir='ltr'><strong>juncta,</strong></span> <span class='ocrx_word' id='word_1_83' title='bbox 333 1524 488 1617; x_wconf 89' lang='lat' dir='ltr'><strong>quomodo</strong></span> <span class='ocrx_word' id='word_1_84' title='bbox 500 1537 584 1592; x_wconf 84' lang='lat' dir='ltr'><strong>recte</strong></span> <span class='ocrx_word' id='word_1_85' title='bbox 601 1526 769 1615; x_wconf 83' lang='lat' dir='ltr'><strong>explicetur</strong></span> <span class='ocrx_word' id='word_1_86' title='bbox 781 1547 843 1592; x_wconf 90' lang='lat' dir='ltr'><strong>uon</strong></span> <span class='ocrx_word' id='word_1_87' title='bbox 856 1525 947 1592; x_wconf 82' lang='lat' dir='ltr'><strong>rideo</strong></span> <span class='ocrx_word' id='word_1_88' title='bbox 956 1551 965 1609; x_wconf 92' lang='lat'>;</span> <span class='ocrx_word' id='word_1_89' title='bbox 984 1527 1134 1593; x_wconf 84' lang='lat' dir='ltr'><strong>sententia</strong></span> <span class='ocrx_word' id='word_1_90' title='bbox 1149 1541 1255 1608; x_wconf 83' lang='lat' dir='ltr'><strong>certe,</strong></span> 
     </span>
     <span class='ocr_line' id='line_1_13' title="bbox 200 1636 1256 1719; baseline 0.001 -14"><span class='ocrx_word' id='word_1_91' title='bbox 200 1639 298 1707; x_wconf 73' lang='lat' dir='ltr'><strong>ueluti</strong></span> <span class='ocrx_word' id='word_1_92' title='bbox 333 1638 501 1705; x_wconf 77' lang='lat' dir='ltr'><strong>observavit</strong></span> <span class='ocrx_word' id='word_1_93' title='bbox 529 1636 568 1703; x_wconf 89' lang='lat' dir='ltr'><strong>de</strong></span> <span class='ocrx_word' id='word_1_94' title='bbox 585 1638 701 1718; x_wconf 81' lang='lat' dir='ltr'><strong>Pauw,</strong></span> <span class='ocrx_word' id='word_1_95' title='bbox 726 1651 810 1704; x_wconf 89' lang='lat' dir='ltr'><strong>recte</strong></span> <span class='ocrx_word' id='word_1_96' title='bbox 839 1661 902 1706; x_wconf 89' lang='lat' dir='ltr'><strong>sese</strong></span> <span class='ocrx_word' id='word_1_97' title='bbox 921 1638 1072 1719; x_wconf 79' lang='lat' dir='ltr'><strong>haberet,</strong></span> <span class='ocrx_word' id='word_1_98' title='bbox 1105 1638 1130 1705; x_wconf 88' lang='lat' dir='ltr'><strong>si</strong></span> <span class='ocrx_word' id='word_1_99' title='bbox 1156 1652 1256 1714; x_wconf 71' lang='lat' dir='ltr'><strong>serte-</strong></span> 
     </span>
     <span class='ocr_line' id='line_1_14' title="bbox 202 1751 1258 1842; baseline 0.002 -24"><span class='ocrx_word' id='word_1_100' title='bbox 202 1766 288 1818; x_wconf 89' lang='lat' dir='ltr'><strong>retur</strong></span> <span class='ocrx_word' id='word_1_101' title='bbox 308 1760 511 1842; x_wconf 79' lang='lat' dir='ltr'><strong>praeterea,</strong></span> <span class='ocrx_word' id='word_1_102' title='bbox 535 1751 588 1818; x_wconf 87' lang='lat' dir='ltr'><strong>sed</strong></span> <span class='ocrx_word' id='word_1_103' title='bbox 607 1751 790 1842; x_wconf 75' lang='lat' dir='ltr'><strong>significatio</strong></span> <span class='ocrx_word' id='word_1_104' title='bbox 807 1751 864 1817; x_wconf 82' lang='lat' dir='ltr'><strong>ista</strong></span> <span class='ocrx_word' id='word_1_105' title='bbox 882 1754 941 1818; x_wconf 87' lang='lat' dir='ltr'><strong>usu</strong></span> <span class='ocrx_word' id='word_1_106' title='bbox 958 1774 1021 1818; x_wconf 90' lang='lat' dir='ltr'><strong>non</strong></span> <span class='ocrx_word' id='word_1_107' title='bbox 1036 1751 1203 1841; x_wconf 77' lang='lat' dir='ltr'><strong>probetur,</strong></span> <span class='ocrx_word' id='word_1_108' title='bbox 1225 1763 1258 1820; x_wconf 89' lang='lat' dir='ltr'><strong>et</strong></span> 
     </span>
     <span class='ocr_line' id='line_1_15' title="bbox 201 1862 1258 1956; baseline 0.001 -25"><span class='ocrx_word' id='word_1_109' title='bbox 201 1887 265 1956; x_wconf 86' lang='lat' dir='ltr'><strong>quo</strong></span> <span class='ocrx_word' id='word_1_110' title='bbox 290 1865 469 1954; x_wconf 87' lang='lat' dir='ltr'><strong>minuspro</strong></span> <span class='ocrx_word' id='word_1_111' title='bbox 495 1885 533 1930; x_wconf 90' lang='lat' dir='ltr'><strong>eo</strong></span> <span class='ocrx_word' id='word_1_112' title='bbox 559 1865 756 1953; x_wconf 72' lang='lat' dir='ltr'><strong>legamustu</strong></span> <span class='ocrx_word' id='word_1_113' title='bbox 779 1889 811 1929; x_wconf 82' lang='grc' dir='ltr'><strong>τε</strong></span> <span class='ocrx_word' id='word_1_114' title='bbox 834 1863 882 1929; x_wconf 83' lang='lat' dir='ltr'><strong>rel</strong></span> <span class='ocrx_word' id='word_1_115' title='bbox 904 1865 1002 1930; x_wconf 76' lang='grc' dir='ltr'><strong><em>ἔτιδὲ</em></strong></span> <span class='ocrx_word' id='word_1_116' title='bbox 1025 1868 1077 1928; x_wconf 69' lang='grc' dir='ltr'><strong>καὶ</strong></span> <span class='ocrx_word' id='word_1_117' title='bbox 1101 1862 1198 1953; x_wconf 85' lang='lat' dir='ltr'><strong>(quod</strong></span> <span class='ocrx_word' id='word_1_118' title='bbox 1213 1864 1258 1932; x_wconf 84' lang='lat' dir='ltr'><strong>ita</strong></span> 
     </span>
     <span class='ocr_line' id='line_1_16' title="bbox 201 1973 1256 2068; baseline 0.001 -24"><span class='ocrx_word' id='word_1_119' title='bbox 201 1999 352 2067; x_wconf 85' lang='lat' dir='ltr'><strong>usurpare</strong></span> <span class='ocrx_word' id='word_1_120' title='bbox 375 1977 450 2044; x_wconf 86' lang='lat' dir='ltr'><strong>solet</strong></span> <span class='ocrx_word' id='word_1_121' title='bbox 475 1975 666 2068; x_wconf 82' lang='lat' dir='ltr'><strong>Philippus,¹</strong></span> <span class='ocrx_word' id='word_1_122' title='bbox 684 1987 719 2040; x_wconf 88' lang='lat' dir='ltr'><strong>at</strong></span> <span class='ocrx_word' id='word_1_123' title='bbox 734 1973 867 2041; x_wconf 72' lang='lat' dir='ltr'><strong>vidimus</strong></span> <span class='ocrx_word' id='word_1_124' title='bbox 887 1974 938 2042; x_wconf 88' lang='lat' dir='ltr'><strong>ad.</strong></span> <span class='ocrx_word' id='word_1_125' title='bbox 958 1977 1058 2064; x_wconf 86' lang='lat' dir='ltr'><strong>princ.</strong></span> <span class='ocrx_word' id='word_1_126' title='bbox 1077 1973 1170 2066; x_wconf 71' lang='lat' dir='ltr'><strong>hujus</strong></span> <span class='ocrx_word' id='word_1_127' title='bbox 1185 1997 1256 2068; x_wconf 82' lang='lat' dir='ltr'><strong>erp.</strong></span> 
     </span>
     <span class='ocr_line' id='line_1_17' title="bbox 200 2073 1258 2181; baseline 0 -25"><span class='ocrx_word' id='word_1_128' title='bbox 200 2089 348 2181; x_wconf 78' lang='lat' dir='ltr'><strong>quodque</strong></span> <span class='ocrx_word' id='word_1_129' title='bbox 366 2088 420 2155; x_wconf 92' lang='lat' dir='ltr'><strong>hic</strong></span> <span class='ocrx_word' id='word_1_130' title='bbox 439 2089 532 2155; x_wconf 85' lang='lat' dir='ltr'><strong>etiam</strong></span> <span class='ocrx_word' id='word_1_131' title='bbox 552 2110 619 2154; x_wconf 84' lang='lat' dir='ltr'><strong>esse</strong></span> <span class='ocrx_word' id='word_1_132' title='bbox 632 2086 797 2178; x_wconf 79' lang='lat' dir='ltr'><strong>legendum</strong></span> <span class='ocrx_word' id='word_1_133' title='bbox 816 2087 961 2176; x_wconf 83' lang='lat' dir='ltr'><strong>conjiciet</strong></span> <span class='ocrx_word' id='word_1_134' title='bbox 979 2073 1106 2177; x_wconf 79' lang='lat' dir='ltr'><strong>aliquis).</strong></span> <span class='ocrx_word' id='word_1_135' title='bbox 1122 2085 1258 2177; x_wconf 82' lang='lat' dir='ltr'><strong>impedit</strong></span> 
     </span>
    </p>
   </div>
   <div class='ocr_carea' id='block_1_4' title="bbox 199 2191 1396 2400">
    <p class='ocr_par' dir='ltr' id='par_1_5' title="bbox 199 2191 1396 2400">
     <span class='ocr_line' id='line_1_18' title="bbox 199 2191 1396 2289; baseline -0.001 -22"><span class='ocrx_word' id='word_1_136' title='bbox 199 2205 238 2267; x_wconf 75' lang='grc' dir='ltr'>τὲ</span> <span class='ocrx_word' id='word_1_137' title='bbox 258 2191 335 2266; x_wconf 86' lang='lat' dir='ltr'><strong>illud</strong></span> <span class='ocrx_word' id='word_1_138' title='bbox 352 2212 420 2288; x_wconf 75' lang='lat' dir='ltr'><strong>posi</strong></span> <span class='ocrx_word' id='word_1_139' title='bbox 438 2210 582 2280; x_wconf 75' lang='grc' dir='ltr'><strong>γεννᾶται</strong></span> <span class='ocrx_word' id='word_1_140' title='bbox 606 2201 759 2289; x_wconf 69' lang='lat' dir='ltr'><strong>positum</strong></span> <span class='ocrx_word' id='word_1_141' title='bbox 782 2197 953 2287; x_wconf 76' lang='lat' dir='ltr'><strong>cademque</strong></span> <span class='ocrx_word' id='word_1_142' title='bbox 972 2211 1017 2265; x_wconf 80' lang='lat' dir='ltr'><strong>esi</strong></span> <span class='ocrx_word' id='word_1_143' title='bbox 1034 2221 1142 2281; x_wconf 66' lang='lat' dir='ltr'><strong>ceusu,</strong></span> <span class='ocrx_word' id='word_1_144' title='bbox 1162 2219 1258 2289; x_wconf 73' lang='lat' dir='ltr'><strong>quen</strong></span> <span class='ocrx_word' id='word_1_145' title='bbox 1395 2251 1396 2278; x_wconf 41' lang='lat'>1</span> 
     </span>
     <span class='ocr_line' id='line_1_19' title="bbox 200 2310 1396 2400; baseline 0 -24"><span class='ocrx_word' id='word_1_146' title='bbox 200 2310 242 2376; x_wconf 92' lang='lat' dir='ltr'><strong>ob</strong></span> <span class='ocrx_word' id='word_1_147' title='bbox 259 2331 327 2375; x_wconf 88' lang='lat' dir='ltr'><strong>rem</strong></span> <span class='ocrx_word' id='word_1_148' title='bbox 345 2311 503 2376; x_wconf 83' lang='lat' dir='ltr'><strong>Pauwium</strong></span> <span class='ocrx_word' id='word_1_149' title='bbox 521 2332 579 2398; x_wconf 91' lang='lat' dir='ltr'><strong>pro</strong></span> <span class='ocrx_word' id='word_1_150' title='bbox 598 2316 682 2384; x_wconf 77' lang='grc' dir='ltr'><strong><em>ἐκτὸς</em></strong></span> <span class='ocrx_word' id='word_1_151' title='bbox 701 2311 906 2399; x_wconf 76' lang='lat' dir='ltr'><strong>corrigentem</strong></span> <span class='ocrx_word' id='word_1_152' title='bbox 919 2312 1023 2399; x_wconf 68' lang='lat' dir='ltr'><strong>abedo,</strong></span> <span class='ocrx_word' id='word_1_153' title='bbox 1047 2331 1112 2376; x_wconf 84' lang='lat' dir='ltr'><strong>nou</strong></span> <span class='ocrx_word' id='word_1_154' title='bbox 1126 2333 1258 2400; x_wconf 77' lang='lat' dir='ltr'><strong>aequm-</strong></span> <span class='ocrx_word' id='word_1_155' title='bbox 1395 2331 1396 2334; x_wconf 71' lang='grc'>’</span> 
     </span>
    </p>
   </div>
   <div class='ocr_carea' id='block_1_5' title="bbox 198 2417 1261 2621">
    <p class='ocr_par' dir='ltr' id='par_1_6' title="bbox 198 2417 1261 2621">
     <span class='ocr_line' id='line_1_20' title="bbox 198 2417 1261 2518; baseline 0.005 -32"><span class='ocrx_word' id='word_1_156' title='bbox 198 2420 276 2486; x_wconf 91' lang='lat' dir='ltr'><strong>dum</strong></span> <span class='ocrx_word' id='word_1_157' title='bbox 294 2433 447 2510; x_wconf 84' lang='lat' dir='ltr'><strong>putemus.</strong></span> <span class='ocrx_word' id='word_1_158' title='bbox 496 2423 572 2488; x_wconf 90' lang='lat' dir='ltr'><strong>Tota</strong></span> <span class='ocrx_word' id='word_1_159' title='bbox 598 2442 654 2486; x_wconf 79' lang='lat' dir='ltr'><strong>ror</strong></span> <span class='ocrx_word' id='word_1_160' title='bbox 681 2419 851 2486; x_wconf 84' lang='lat' dir='ltr'><strong>omittenda</strong></span> <span class='ocrx_word' id='word_1_161' title='bbox 879 2417 1017 2497; x_wconf 81' lang='lat' dir='ltr'><strong>ridetur,</strong></span> <span class='ocrx_word' id='word_1_162' title='bbox 1042 2433 1107 2486; x_wconf 85' lang='lat' dir='ltr'><strong>crta</strong></span> <span class='ocrx_word' id='word_1_163' title='bbox 1130 2423 1261 2518; x_wconf 58' lang='lat' dir='ltr'><strong>lenam</strong></span> 
     </span>
     <span class='ocr_line' id='line_1_21' title="bbox 200 2519 1260 2621; baseline -0.014 -20"><span class='ocrx_word' id='word_1_164' title='bbox 200 2519 323 2602; x_wconf 80' lang='lat' dir='ltr'><strong>exalia</strong></span> <span class='ocrx_word' id='word_1_165' title='bbox 349 2531 483 2621; x_wconf 85' lang='lat' dir='ltr'><strong>quadam</strong></span> <span class='ocrx_word' id='word_1_166' title='bbox 510 2530 657 2599; x_wconf 88' lang='lat' dir='ltr'><strong>lectione:</strong></span> <span class='ocrx_word' id='word_1_167' title='bbox 693 2538 834 2616; x_wconf 74' lang='grc' dir='ltr'><strong><em>καθάπερ</em></strong></span> <span class='ocrx_word' id='word_1_168' title='bbox 856 2533 909 2596; x_wconf 71' lang='lat' dir='ltr'><strong>eal</strong></span> <span class='ocrx_word' id='word_1_169' title='bbox 937 2534 967 2595; x_wconf 86' lang='grc' dir='ltr'><strong>οἱ</strong></span> <span class='ocrx_word' id='word_1_170' title='bbox 973 2577 976 2583; x_wconf 84' lang='lat'><em>-</em></span> <span class='ocrx_word' id='word_1_171' title='bbox 993 2534 1027 2596; x_wconf 73' lang='grc' dir='ltr'><strong>ἐν</strong></span> <span class='ocrx_word' id='word_1_172' title='bbox 1057 2537 1121 2607; x_wconf 71' lang='grc' dir='ltr'><strong>τοῖς</strong></span> <span class='ocrx_word' id='word_1_173' title='bbox 1148 2536 1238 2620; x_wconf 52' lang='lat' dir='ltr'><strong>tepore</strong></span> <span class='ocrx_word' id='word_1_174' title='bbox 1248 2585 1260 2618; x_wconf 68' lang='lat'><em>‚</em></span> 
     </span>
    </p>
   </div>
   <div class='ocr_carea' id='block_1_6' title="bbox 200 2640 1364 2732">
    <p class='ocr_par' dir='ltr' id='par_1_7' title="bbox 200 2640 1364 2732">
     <span class='ocr_line' id='line_1_22' title="bbox 200 2640 1364 2732; baseline 0.003 -22"><span class='ocrx_word' id='word_1_175' title='bbox 200 2655 253 2724; x_wconf 79' lang='lat' dir='ltr'><strong>aut</strong></span> <span class='ocrx_word' id='word_1_176' title='bbox 272 2643 375 2711; x_wconf 88' lang='lat' dir='ltr'><strong>simili.</strong></span> <span class='ocrx_word' id='word_1_177' title='bbox 424 2642 589 2709; x_wconf 81' lang='lat' dir='ltr'><strong>Caeterum</strong></span> <span class='ocrx_word' id='word_1_178' title='bbox 612 2640 825 2709; x_wconf 83' lang='lat' dir='ltr'><strong>sacerdotibus</strong></span> <span class='ocrx_word' id='word_1_179' title='bbox 839 2641 1064 2732; x_wconf 74' lang='lat' dir='ltr'><strong>Aegyptiorum</strong></span> <span class='ocrx_word' id='word_1_180' title='bbox 1087 2643 1181 2712; x_wconf 83' lang='lat' dir='ltr'><strong>fuisse</strong></span> <span class='ocrx_word' id='word_1_181' title='bbox 1208 2644 1258 2712; x_wconf 84' lang='lat' dir='ltr'><strong>irr-</strong></span> <span class='ocrx_word' id='word_1_182' title='bbox 1361 2675 1364 2684; x_wconf 91' lang='lat'>·</span> 
     </span>
    </p>
   </div>
   <div class='ocr_carea' id='block_1_7' title="bbox 158 2741 1286 3295">
    <p class='ocr_par' dir='ltr' id='par_1_8' title="bbox 158 2741 1286 3295">
     <span class='ocr_line' id='line_1_23' title="bbox 198 2741 1257 2845; baseline 0.001 -21"><span class='ocrx_word' id='word_1_183' title='bbox 198 2755 367 2824; x_wconf 85' lang='lat' dir='ltr'><strong>terdictum</strong></span> <span class='ocrx_word' id='word_1_184' title='bbox 393 2768 428 2822; x_wconf 90' lang='lat' dir='ltr'><strong>ut</strong></span> <span class='ocrx_word' id='word_1_185' title='bbox 456 2777 495 2821; x_wconf 92' lang='lat' dir='ltr'><strong>ne</strong></span> <span class='ocrx_word' id='word_1_186' title='bbox 521 2768 716 2822; x_wconf 75' lang='lat' dir='ltr'><strong>vescerentur</strong></span> <span class='ocrx_word' id='word_1_187' title='bbox 743 2754 896 2845; x_wconf 85' lang='lat' dir='ltr'><strong>piscibus,</strong></span> <span class='ocrx_word' id='word_1_188' title='bbox 919 2741 1093 2839; x_wconf 82' lang='lat' dir='ltr'><strong>ridebimus</strong></span> <span class='ocrx_word' id='word_1_189' title='bbox 1116 2754 1199 2824; x_wconf 87' lang='lat' dir='ltr'><strong>inira</strong></span> <span class='ocrx_word' id='word_1_190' title='bbox 1217 2756 1257 2825; x_wconf 87' lang='lat' dir='ltr'><strong>ed</strong></span> 
     </span>
     <span class='ocr_line' id='line_1_24' title="bbox 200 2849 1286 2960; baseline -0.003 -24"><span class='ocrx_word' id='word_1_191' title='bbox 200 2891 270 2960; x_wconf 89' lang='lat' dir='ltr'><strong>cap.</strong></span> <span class='ocrx_word' id='word_1_192' title='bbox 294 2873 348 2936; x_wconf 89' lang='grc'><strong>44.</strong></span> <span class='ocrx_word' id='word_1_193' title='bbox 373 2867 464 2958; x_wconf 86' lang='lat' dir='ltr'><strong>hujus</strong></span> <span class='ocrx_word' id='word_1_194' title='bbox 486 2868 571 2938; x_wconf 88' lang='lat' dir='ltr'><strong>libri.</strong></span> <span class='ocrx_word' id='word_1_195' title='bbox 1284 2849 1286 2854; x_wconf 68' lang='lat'>,</span> 
     </span>
     <span class='ocr_line' id='line_1_25' title="bbox 243 2977 1256 3080; baseline 0 -32"><span class='ocrx_word' id='word_1_196' title='bbox 243 2983 389 3063; x_wconf 72' lang='grc' dir='ltr'><strong>γεννᾶταί</strong></span> <span class='ocrx_word' id='word_1_197' title='bbox 409 3007 441 3048; x_wconf 83' lang='grc' dir='ltr'><strong>τε</strong></span> <span class='ocrx_word' id='word_1_198' title='bbox 463 2978 724 3068; x_wconf 71' lang='grc' dir='ltr'><strong>περιτετμημένος]</strong></span> <span class='ocrx_word' id='word_1_199' title='bbox 774 2977 1028 3080; x_wconf 67' lang='lat' dir='ltr'><strong>circumcidendi</strong></span> <span class='ocrx_word' id='word_1_200' title='bbox 1053 2980 1151 3048; x_wconf 83' lang='lat' dir='ltr'><strong>ritum</strong></span> <span class='ocrx_word' id='word_1_201' title='bbox 1172 2979 1256 3070; x_wconf 74' lang='lat' dir='ltr'><strong>repud</strong></span> 
     </span>
     <span class='ocr_line' id='line_1_26' title="bbox 197 3091 1253 3186; baseline 0.001 -25"><span class='ocrx_word' id='word_1_202' title='bbox 197 3093 369 3182; x_wconf 68' lang='lat' dir='ltr'><strong>rAegyptios</strong></span> <span class='ocrx_word' id='word_1_203' title='bbox 396 3091 429 3157; x_wconf 90' lang='lat' dir='ltr'><strong>iu</strong></span> <span class='ocrx_word' id='word_1_204' title='bbox 455 3115 513 3160; x_wconf 88' lang='lat' dir='ltr'><strong>usu</strong></span> <span class='ocrx_word' id='word_1_205' title='bbox 541 3093 633 3186; x_wconf 72' lang='lat' dir='ltr'><strong>luisse</strong></span> <span class='ocrx_word' id='word_1_206' title='bbox 662 3091 773 3161; x_wconf 90' lang='lat' dir='ltr'><strong>docent</strong></span> <span class='ocrx_word' id='word_1_207' title='bbox 801 3091 991 3160; x_wconf 66' lang='lat' dir='ltr'><strong>flend-11.</strong></span> <span class='ocrx_word' id='word_1_208' title='bbox 1020 3097 1083 3174; x_wconf 82' lang='lat'><strong>36,</strong></span> <span class='ocrx_word' id='word_1_209' title='bbox 1116 3105 1150 3160; x_wconf 86' lang='lat' dir='ltr'><strong>et</strong></span> <span class='ocrx_word' id='word_1_210' title='bbox 1177 3096 1253 3162; x_wconf 92' lang='grc'><strong>104.</strong></span> 
     </span>
     <span class='ocr_line' id='line_1_27' title="bbox 158 3201 1255 3295; baseline 0.001 -24"><span class='ocrx_word' id='word_1_211' title='bbox 158 3283 161 3288; x_wconf 26' lang='lat'>¹</span> <span class='ocrx_word' id='word_1_212' title='bbox 201 3201 296 3271; x_wconf 86' lang='lat' dir='ltr'><strong>lllod.</strong></span> <span class='ocrx_word' id='word_1_213' title='bbox 324 3203 388 3270; x_wconf 91' lang='lat' dir='ltr'><strong>Sic.</strong></span> <span class='ocrx_word' id='word_1_214' title='bbox 416 3203 477 3272; x_wconf 94' lang='lat' dir='ltr'><strong>lll.</strong></span> <span class='ocrx_word' id='word_1_215' title='bbox 507 3207 570 3284; x_wconf 85' lang='lat'><strong>32,</strong></span> <span class='ocrx_word' id='word_1_216' title='bbox 595 3204 668 3273; x_wconf 88' lang='lat' dir='ltr'><strong>fine.</strong></span> <span class='ocrx_word' id='word_1_217' title='bbox 713 3203 860 3272; x_wconf 86' lang='lat' dir='ltr'><strong>Wesscl.</strong></span> <span class='ocrx_word' id='word_1_218' title='bbox 889 3206 1067 3295; x_wconf 77' lang='lat' dir='ltr'><strong>pag.·198,</strong></span> <span class='ocrx_word' id='word_1_219' title='bbox 1091 3203 1137 3274; x_wconf 86' lang='lat' dir='ltr'><strong>iu.</strong></span> <span class='ocrx_word' id='word_1_220' title='bbox 1165 3203 1255 3272; x_wconf 88' lang='lat' dir='ltr'><strong>Pbilc</strong></span> 
     </span>
    </p>
   </div>
   <div class='ocr_carea' id='block_1_8' title="bbox 89 3307 1393 3406">
    <p class='ocr_par' dir='ltr' id='par_1_9' title="bbox 89 3307 1393 3406">
     <span class='ocr_line' id='line_1_28' title="bbox 89 3307 1393 3406; baseline 0.004 -25"><span class='ocrx_word' id='word_1_221' title='bbox 89 3380 93 3387; x_wconf 87' lang='grc'>,</span> <span class='ocrx_word' id='word_1_222' title='bbox 199 3307 386 3382; x_wconf 82' lang='lat' dir='ltr'><strong>Juda&#39;eusin</strong></span> <span class='ocrx_word' id='word_1_223' title='bbox 406 3315 593 3400; x_wconf 73' lang='lat' dir='ltr'><strong>librorrepl</strong></span> <span class='ocrx_word' id='word_1_224' title='bbox 615 3315 845 3400; x_wconf 79' lang='grc' dir='ltr'><strong>Ἐπιτομῆς.</strong></span> <span class='ocrx_word' id='word_1_225' title='bbox 891 3317 1254 3406; x_wconf 81' lang='lat' dir='ltr'><strong>Praecipnetrmeneo·</strong></span> <span class='ocrx_word' id='word_1_226' title='bbox 1392 3307 1393 3316; x_wconf 26' lang='lat'>¹</span> 
     </span>
    </p>
   </div>
   <div class='ocr_carea' id='block_1_9' title="bbox 111 3423 1261 4079">
    <p class='ocr_par' dir='ltr' id='par_1_10' title="bbox 111 3423 1261 4079">
     <span class='ocr_line' id='line_1_29' title="bbox 198 3423 1255 3518; baseline 0.006 -28"><span class='ocrx_word' id='word_1_227' title='bbox 198 3447 268 3491; x_wconf 89' lang='lat' dir='ltr'><strong>rum</strong></span> <span class='ocrx_word' id='word_1_228' title='bbox 288 3423 457 3493; x_wconf 87' lang='lat' dir='ltr'><strong>sacerdotes</strong></span> <span class='ocrx_word' id='word_1_229' title='bbox 473 3425 556 3494; x_wconf 91' lang='lat' dir='ltr'><strong>hunc</strong></span> <span class='ocrx_word' id='word_1_230' title='bbox 573 3427 668 3494; x_wconf 87' lang='lat' dir='ltr'><strong>ritum</strong></span> <span class='ocrx_word' id='word_1_231' title='bbox 693 3428 906 3497; x_wconf 85' lang='lat' dir='ltr'><strong>observabant.</strong></span> <span class='ocrx_word' id='word_1_232' title='bbox 956 3427 1014 3496; x_wconf 80' lang='lat' dir='ltr'><strong>cu.</strong></span> <span class='ocrx_word' id='word_1_233' title='bbox 1034 3451 1121 3518; x_wconf 67' lang='lat' dir='ltr'><strong>quos</strong></span> <span class='ocrx_word' id='word_1_234' title='bbox 1148 3428 1255 3498; x_wconf 75' lang='lat' dir='ltr'><strong>citarit</strong></span> 
     </span>
     <span class='ocr_line' id='line_1_30' title="bbox 197 3536 1254 3632; baseline 0.007 -27"><span class='ocrx_word' id='word_1_235' title='bbox 197 3536 359 3605; x_wconf 80' lang='lat' dir='ltr'><strong>deblouslri</strong></span> <span class='ocrx_word' id='word_1_236' title='bbox 386 3538 510 3607; x_wconf 74' lang='lat' dir='ltr'><strong>Panes.</strong></span> <span class='ocrx_word' id='word_1_237' title='bbox 540 3539 626 3631; x_wconf 79' lang='lat' dir='ltr'><strong>Aeg.</strong></span> <span class='ocrx_word' id='word_1_238' title='bbox 654 3540 793 3631; x_wconf 77' lang='lat' dir='ltr'><strong>Prolegg.</strong></span> <span class='ocrx_word' id='word_1_239' title='bbox 823 3564 894 3632; x_wconf 79' lang='lat' dir='ltr'><strong>pag.</strong></span> <span class='ocrx_word' id='word_1_240' title='bbox 925 3542 1010 3609; x_wconf 74' lang='lat' dir='ltr'><strong>xlv.</strong></span> <span class='ocrx_word' id='word_1_241' title='bbox 1065 3538 1254 3612; x_wconf 76' lang='lat' dir='ltr'><strong>Circumcidl</strong></span> 
     </span>
     <span class='ocr_line' id='line_1_31' title="bbox 111 3647 1253 3743; baseline 0.004 -30"><span class='ocrx_word' id='word_1_242' title='bbox 111 3720 116 3729; x_wconf 65' lang='lat'><strong>.</strong></span> <span class='ocrx_word' id='word_1_243' title='bbox 199 3647 340 3715; x_wconf 87' lang='lat' dir='ltr'><strong>debuisse</strong></span> <span class='ocrx_word' id='word_1_244' title='bbox 365 3650 509 3717; x_wconf 82' lang='lat' dir='ltr'><strong>ridentur</strong></span> <span class='ocrx_word' id='word_1_245' title='bbox 535 3675 639 3718; x_wconf 82' lang='lat' dir='ltr'><strong>omues</strong></span> <span class='ocrx_word' id='word_1_246' title='bbox 666 3653 721 3742; x_wconf 84' lang='lat' dir='ltr'><strong>qui</strong></span> <span class='ocrx_word' id='word_1_247' title='bbox 747 3654 899 3742; x_wconf 74' lang='lat' dir='ltr'><strong>mysteriis</strong></span> <span class='ocrx_word' id='word_1_248' title='bbox 928 3654 1063 3735; x_wconf 86' lang='lat' dir='ltr'><strong>initiari,</strong></span> <span class='ocrx_word' id='word_1_249' title='bbox 1094 3667 1188 3743; x_wconf 82' lang='lat' dir='ltr'><strong>utque</strong></span> <span class='ocrx_word' id='word_1_250' title='bbox 1210 3652 1253 3724; x_wconf 80' lang='lat' dir='ltr'><strong>‚ad</strong></span> 
     </span>
     <span class='ocr_line' id='line_1_32' title="bbox 197 3761 1252 3855; baseline 0.004 -27"><span class='ocrx_word' id='word_1_251' title='bbox 197 3761 357 3829; x_wconf 87' lang='lat' dir='ltr'><strong>interiores</strong></span> <span class='ocrx_word' id='word_1_252' title='bbox 383 3762 574 3830; x_wconf 86' lang='lat' dir='ltr'><strong>sacerdotmn</strong></span> <span class='ocrx_word' id='word_1_253' title='bbox 599 3765 752 3832; x_wconf 86' lang='lat' dir='ltr'><strong>doctrinas</strong></span> <span class='ocrx_word' id='word_1_254' title='bbox 770 3765 895 3832; x_wconf 76' lang='lat' dir='ltr'><strong>admitti</strong></span> <span class='ocrx_word' id='word_1_255' title='bbox 913 3765 1043 3846; x_wconf 84' lang='lat' dir='ltr'><strong>rellcnt3</strong></span> <span class='ocrx_word' id='word_1_256' title='bbox 1070 3765 1166 3854; x_wconf 86' lang='lat' dir='ltr'><strong>idque</strong></span> <span class='ocrx_word' id='word_1_257' title='bbox 1183 3787 1252 3855; x_wconf 80' lang='lat' dir='ltr'><strong>pes·</strong></span> 
     </span>
     <span class='ocr_line' id='line_1_33' title="bbox 197 3867 1261 3966; baseline 0.003 -24"><span class='ocrx_word' id='word_1_258' title='bbox 197 3895 264 3942; x_wconf 86' lang='lat' dir='ltr'><strong>sum</strong></span> <span class='ocrx_word' id='word_1_259' title='bbox 292 3873 384 3941; x_wconf 85' lang='lat' dir='ltr'><strong>fuisse</strong></span> <span class='ocrx_word' id='word_1_260' title='bbox 409 3875 613 3966; x_wconf 74' lang='lat' dir='ltr'><strong>Pythagoram</strong></span> <span class='ocrx_word' id='word_1_261' title='bbox 641 3891 743 3944; x_wconf 89' lang='lat' dir='ltr'><strong>narrat</strong></span> <span class='ocrx_word' id='word_1_262' title='bbox 763 3876 862 3944; x_wconf 76' lang='lat' dir='ltr'><strong>(ilem.</strong></span> <span class='ocrx_word' id='word_1_263' title='bbox 884 3877 970 3943; x_wconf 71' lang='lat' dir='ltr'><strong>Alex.</strong></span> <span class='ocrx_word' id='word_1_264' title='bbox 997 3875 1121 3946; x_wconf 82' lang='lat' dir='ltr'><strong>Strom.</strong></span> <span class='ocrx_word' id='word_1_265' title='bbox 1139 3877 1168 3946; x_wconf 95' lang='lat' dir='ltr'><strong>l.</strong></span> <span class='ocrx_word' id='word_1_266' title='bbox 1190 3867 1261 3954; x_wconf 83' lang='grc' dir='ltr'><strong>15,Ι</strong></span> 
     </span>
     <span class='ocr_line' id='line_1_34' title="bbox 197 3985 1249 4079; baseline 0.002 -29"><span class='ocrx_word' id='word_1_267' title='bbox 197 3986 240 4056; x_wconf 87' lang='lat' dir='ltr'><strong>in.</strong></span> <span class='ocrx_word' id='word_1_268' title='bbox 260 3985 329 4054; x_wconf 74' lang='lat' dir='ltr'><strong>Ed.</strong></span> <span class='ocrx_word' id='word_1_269' title='bbox 348 3986 475 4056; x_wconf 80' lang='lat' dir='ltr'><strong>Potter.</strong></span> <span class='ocrx_word' id='word_1_270' title='bbox 494 4009 565 4078; x_wconf 80' lang='lat' dir='ltr'><strong>pag.</strong></span> <span class='ocrx_word' id='word_1_271' title='bbox 586 3994 667 4067; x_wconf 83' lang='grc'><strong>354,</strong></span> <span class='ocrx_word' id='word_1_272' title='bbox 692 3991 764 4058; x_wconf 89' lang='lat' dir='ltr'><strong>line.</strong></span> <span class='ocrx_word' id='word_1_273' title='bbox 814 3989 870 4056; x_wconf 77' lang='lat' dir='ltr'><strong>(tr.</strong></span> <span class='ocrx_word' id='word_1_274' title='bbox 891 3988 1007 4068; x_wconf 83' lang='lat' dir='ltr'><strong>etiam,</strong></span> <span class='ocrx_word' id='word_1_275' title='bbox 1033 4011 1109 4079; x_wconf 89' lang='lat' dir='ltr'><strong>quos</strong></span> <span class='ocrx_word' id='word_1_276' title='bbox 1128 3989 1167 4058; x_wconf 86' lang='lat' dir='ltr'><strong>ad</strong></span> <span class='ocrx_word' id='word_1_277' title='bbox 1185 3987 1249 4059; x_wconf 86' lang='lat' dir='ltr'><strong>lle·</strong></span> 
     </span>
    </p>
   </div>
   <div class='ocr_carea' id='block_1_10' title="bbox 0 0 1406 4872">
    <p class='ocr_par' dir='ltr' id='par_1_11' title="bbox 0 0 1406 4872">
     <span class='ocr_line' id='line_1_35' title="bbox 0 0 1406 4872; baseline 0 1"><span class='ocrx_word' id='word_1_278' title='bbox 0 0 1406 4872; x_wconf 95' lang='lat' dir='ltr'><strong> </strong></span> 
     </span>
    </p>
   </div>
  </div>
 </body>
</html>
