2852 4864
375 307 682 378 uentrem-ulls
705 307 903 379 mutuet..
950 309 977 378 1.
1005 314 1033 377 l.
1158 319 1216 382 121

173 510 346 578 observasse
362 506 501 590 ridetur,
520 508 573 576 bic
590 508 630 576 de
647 511 701 576 tali
717 509 865 578 diuisione
881 532 943 578 non
960 513 1106 602 cogitasse
1123 515 1220 604 scrip-

171 635 291 702 mrem,
314 641 411 710 quum
430 621 587 690 basiliscus
606 620 831 690 trinmhorum
850 625 1036 712 serpentium
1054 643 1217 715 generum,

171 755 268 818 rmum
291 747 462 828 mperatum
486 734 671 802 constituere
696 733 825 816 debeot3
851 735 955 826 itaque
980 737 1105 803 fortasse
1131 738 1218 827 eogi-

152 843 316 927 'tandum,
341 845 420 914 alios
443 845 576 942 llcxuose
599 845 666 928 ire,
699 859 874 936 terramque
900 847 966 916 toto
990 870 1118 938 corpore
1145 862 1218 916 tan-
1255 931 1257 935 Ι

169 978 259 1048 gere,
281 956 494 1038 aliosrolare,
517 957 613 1038 alios,
632 958 738 1048 prouti
755 957 946 1039 basiliscum,
970 958 1109 1026 emedio
1129 981 1219 1026 ereo·

170 1083 217 1138 tos
232 1069 400 1161 procedere
416 1082 509 1159 atque
525 1067 625 1138 sobre.
670 1069 818 1138 Dubitari
840 1081 944 1138 tamen
968 1093 1055 1160 posse
1078 1068 1217 1151 ridetur,

93 1269 97 1276 f
168 1194 273 1264 utrum
299 1181 511 1250 samsonis
537 1179 590 1248 illa
616 1201 726 1271 genera
752 1179 913 1248 referenda
930 1181 991 1248 siut
1009 1178 1219 1272 ati-serpentes

139 1373 142 1380 Ι
169 1283 202 1360 in
219 1293 458 1385 hieroglyphiois
475 1304 683 1362 occurrentes:
707 1315 780 1360 nam
798 1293 936 1384 quamvis
961 1296 995 1362 in
1012 1295 1218 1362 monumentis

168 1405 384 1496 Aegyptiacis,
406 1404 497 1495 hujus
523 1403 642 1495 generis
658 1404 838 1474 animalium
856 1405 985 1482 varietas
1001 1406 1100 1473 molto
1117 1407 1216 1495 major

103 1551 116 1568 ι
168 1515 308 1584 adhibito
332 1539 395 1586 esse
416 1515 556 1584 rideatur
578 1515 656 1603 (rid.
673 1517 740 1588 tab.
759 1516 938 1606 nte-24.)
962 1531 1086 1598 umen,
1109 1518 1135 1586 si
1153 1538 1213 1609 pe-

167 1627 222 1696 des
240 1629 409 1712 humanos,
441 1629 504 1696 alas
526 1628 702 1720 ancipitris,
733 1629 922 1710 uulturisre,
950 1651 1064 1698 cornua
1088 1629 1212 1710 ametis,

167 1740 288 1832 aliaque
313 1742 397 1832 signa
422 1740 589 1829 symbolica
614 1742 663 1808 rel
688 1740 849 1830 allegorica
873 1740 998 1821 demas,
1021 1738 1061 1808 ad
1077 1741 1214 1832 primum

165 1875 262 1944 genus
285 1852 396 1918 referri
418 1851 515 1942 possit
531 1874 654 1944 serpens
679 1851 753 1932 ille,
777 1852 949 1943 superioris¹
966 1853 1102 1943 corporis
1118 1853 1214 1943 partis

165 1965 324 2034 inflatione
342 1977 448 2044 notus,
471 1963 648 2053 basiliscus,
671 1963 734 2030 sire
758 1963 855 2030 alatm
872 1963 911 2030 sit
928 1963 973 2053 (r.
990 1984 1020 2032 c.
1035 1985 1069 2033 u.
1087 1965 1131 2051 1.)
1151 1964 1215 2030 sire
1348 1986 1351 1994 ·

164 2101 229 2146 non
252 2077 291 2144 sit
308 2076 354 2165 (n.
371 2075 428 2163 6);
454 2073 620 2142 meandum
637 2097 731 2166 genus
749 2063 905 2146 contineat
921 2088 1071 2156 cerastes,
1094 2074 1215 2142 duobus

165 2188 312 2260 ¹comtibus
339 2184 373 2254 in
399 2188 502 2276 capite
527 2186 679 2277 insignes,
703 2183 780 2274 (rid.
812 2187 874 2267 10,
899 2187 990 2276 11.);
1022 2185 1064 2254 ad
1088 2187 1214 2255 tertium

165 2297 302 2389 denique
317 2298 490 2390 pertineant
514 2320 619 2366 omnes
646 2298 777 2387 reliqui,
800 2297 934 2388 eorporis
950 2297 1143 2388 longitudine
1160 2313 1214 2366 aut

164 2412 299 2480 flexuum
316 2433 445 2479 numero
461 2423 582 2478 tantum
605 2409 685 2478 inter
710 2433 742 2477 se
766 2409 950 2480 differentes.
984 2407 1110 2502 Neque,
1129 2411 1214 2478 enim

165 2523 285 2592 obstare
301 2535 378 2615 puto
395 2519 670 2613 quod.saepissime
688 2543 810 2613 serpens
838 2520 957 2590 duobus
984 2523 1136 2613 capitibus
1163 2524 1214 2588 in·
1350 2585 1353 2594 .

165 2648 314 2717 structus,
337 2636 371 2702 in
386 2634 591 2702 monumentis
605 2634 758 2714 occurrit,
777 2646 871 2724 atque
887 2636 932 2702 ita
948 2647 1093 2725 quartum
1111 2633 1211 2725 quod·

161 2749 240 2816 -dnm
264 2770 379 2839 genus,
417 2745 727 2838 amphisbaenam,
759 2747 942 2814 constituere
965 2747 1106 2828 videtum
1140 2769 1212 2814 nam

165 2861 230 2928 sire
257 2859 409 2928 brevitatis
437 2882 526 2928 causa
545 2858 588 2925 ita
614 2859 702 2949 pingi
720 2859 853 2938 solebat,
881 2855 987 2947 (veluti
1003 2881 1034 2928 r.
1052 2879 1081 2928 c.
1099 2880 1131 2926 u.
1153 2863 1208 2926 24.

164 2973 220 3040 ubi
249 2970 311 3039 dno
335 2971 522 3061 serpentium
548 2971 670 3060 capita,
699 2968 822 3036 diversis
849 2970 943 3060 signis
965 2968 1138 3057 symbolicis
1162 2974 1212 3035 ors¹

163 3098 236 3153 nata
261 3085 295 3151 in
320 3107 382 3150 uno
404 3106 532 3173 corpore
548 3096 619 3151 sunt
636 3061 818 3173 positasne
834 3082 882 3148 bis
898 3079 981 3148 idem
1000 3103 1122 3171 serpens
1139 3081 1210 3172 pin-

161 3195 282 3289 gendus
305 3195 414 3283 esset),
437 3209 491 3264 aut
516 3198 639 3263 amatim
666 3217 777 3275 causa,
807 3193 913 3282 (veluti
930 3199 950 3261 9
968 3206 1000 3260 et
1016 3196 1081 3286 11,
1104 3205 1139 3260 ut
1161 3195 1210 3260 in-

160 3311 291 3402 scriptio
308 3309 351 3374 ab
366 3321 495 3398 utraque
518 3321 604 3399 parte
622 3306 730 3374 eadem
747 3307 857 3394 esset),
880 3319 933 3372 aut
950 3305 1082 3396 denique
1098 3305 1139 3374 ob
1154 3293 1209 3378 ,ια’-

164 3423 262 3490 tiones
279 3419 459 3511 symbolicas
477 3419 619 3504 easdem,
640 3422 684 3490 ob.
699 3443 774 3511 quas
791 3419 894 3485 eidem
914 3419 1047 3510 serpenti
1063 3424 1081 3486 5
1097 3418 1209 3501 etiam,
1226 3511 1228 3516 ἲ

163 3533 213 3602 rel
234 3540 255 3601 6
279 3536 382 3624 capita
407 3532 559 3600 dederunt
582 3533 683 3622 (coni.v
702 3537 745 3598 22
773 3545 805 3598 et
830 3531 899 3619 23).
946 3531 1006 3616 Qui
1031 3542 1140 3621 putant
1167 3531 1210 3599 ita

117 3629 120 3634 ¹
163 3645 225 3712 tria
242 3646 295 3713 illo
320 3645 508 3737 serpentium
525 3668 636 3737 genera
659 3643 803 3736 explicari
828 3665 891 3710 non
916 3665 1021 3733 posse,
1043 3666 1102 3734 pro
1118 3649 1211 3731 τριῶν

162 3759 266 3848 legere
287 3759 404 3849 possint
424 3764 530 3828 siens.

176 3925 188 3968 ,ἱ
208 3877 297 3936 τοῦτο
319 3873 350 3938 δὲ
364 3939 365 3946 ,
378 3877 472 3954 μόνον
492 3871 678 3958 ἀθάνατον]
710 3868 749 3936 de
767 3871 862 3938 Pauw
878 3869 1028 3962 probante
1054 3866 1209 3956 sequier.

162 3979 327 4074 legendum
344 3993 460 4052 censet:
482 3988 570 4070 sciro
592 3984 624 4051 (ll
643 3988 736 4066 pleon
760 3985 813 4052 οὐκ
834 3986 1005 4064 ἀθάνατον,
1021 3977 1104 4072 quod
1119 3974 1211 4046 Plinii
