2832 4876
234 331 297 397 284
544 357 576 378 -.
598 315 838 388 tultotltto
862 335 905 386 tn

183 569 185 573 ·
233 533 268 596 τὸ
283 525 511 613 ἀμαθέστατον,
533 524 617 590 ὄνον·
634 524 696 589 τῶν
717 522 745 588 d’
762 522 875 606 ἀγρίων
892 525 931 586 τὰ
951 523 1192 610 θηριωδέστατα,
1206 549 1277 614 κροι

232 638 367 707 κύδειλον
386 623 440 701 ’καὶ
467 637 520 702 τὸν
545 637 693 716 ποτάμιον
718 635 823 733 limor-
869 630 953 700 add.
971 632 1132 700 Jablonski
1150 636 1272 709 Ponet.

188 773 193 800 ¹
232 749 404 842 Aegthib.
421 746 460 814 V.
477 766 546 833 cap.
569 747 600 813 2.
620 749 649 831 §.
672 746 724 811 11.
744 739 790 796 -’-
807 743 855 809 dn
872 762 944 811 vero
959 767 995 811 ca
1009 746 1230 836 significatione
1243 751 1275 816 iu

232 858 482 952 inscriptionibus
496 854 734 947 hieroglyphicis
750 855 919 921 inueniatur
934 855 1189 948 hippopotamus,
1199 884 1281 928 non·P

232 961 316 1053 dum¹
333 972 450 1063 patuit3
476 966 530 1035 sed
560 965 800 1056 Ursamjor,
824 989 902 1056 quae
922 969 1089 1036 secundum
1109 955 1275 1060 Champol·

231 1090 344 1155 lionem
367 1086 414 1172 (iu
430 1083 597 1173 Descrept,
622 1081 674 1149 M.
697 1079 734 1148 O.
752 1079 795 1147 X
794 1131 802 1148 .
826 1103 897 1170 pag.
927 1085 980 1149 35.
1009 1079 1049 1150 A.
1074 1085 1274 1173 tue-785.)

162 1209 178 1268 .'
231 1199 391 1267 dicebatur
409 1198 504 1261 canis
521 1185 694 1284 Typhonis,
718 1192 751 1258 in
769 1192 880 1259 tabidis
898 1193 1103 1260 astronomicis
1121 1193 1276 1263 iudicatur

231 1312 328 1402 ligura
341 1306 551 1398 hipopotami;
574 1317 605 1410 et
623 1304 731 1382 eadem
746 1295 868 1402 quoqpe
883 1317 928 1370 est
941 1304 1040 1370 forma
1054 1304 1181 1372 dearum
1191 1306 1274 1398 Opb,

230 1424 336 1490 matris
362 1418 540 1510 Typhonis,
573 1430 607 1483 ut
634 1429 666 1482 et
692 1416 844 1495 Thaoeri,
878 1419 941 1504 ejus
975 1417 1174 1486 concubinae.
1225 1417 1274 1488 cf.

232 1533 404 1624 champoll.
431 1529 493 1620 (lp.
514 1530 569 1596 cit.
593 1551 664 1618 pag.
686 1532 740 1594 26.
759 1526 799 1596 l.
825 1531 1011 1599 447-449.
1032 1541 1062 1594 et
1087 1533 1162 1599 450.
1211 1531 1275 1620 Ty,-

190 1645 195 1656 ‘
230 1647 325 1737 phoni
353 1659 468 1711 autem.
483 1657 514 1709 et
541 1643 605 1731 ejus
633 1641 750 1708 asseclis
772 1653 854 1707 rocta
876 1641 1090 1730 tribuipotuit
1108 1648 1142 1709 τὸ
1167 1645 1277 1714 ἄδικον

229 1762 282 1826 καὶ
302 1762 337 1823 τὸ
358 1760 529 1844 ἀχάριστον.
577 1753 800 1843 liipopotamus
814 1774 953 1841 quoque,
976 1754 1025 1819 rel
1042 1754 1120 1821 solus
1136 1755 1185 1822 rel
1201 1777 1277 1822 oon-

227 1873 352 1960 junctus
364 1917 367 1928 t
379 1891 456 1942 cum,
469 1865 624 1934 crocodilo
642 1875 741 1932 custoi
759 1877 804 1930 est
823 1863 1016 1946 inferorum,
1039 1868 1135 1935 telnti
1153 1866 1277 1934 Gerbe-

230 2005 280 2050 rus
303 1979 385 2072 apud
408 1981 549 2050 Graecos.
1205 1989 1208 1996 '

274 2099 315 2170 εἷς
328 2095 361 2160 di
375 2096 410 2158 τὸ
423 2095 600 2158 κατώτατον
611 2092 698 2178 μέρος
710 2093 821 2177 ὄννχας
835 2090 887 2158 doio
901 2067 1123 2178 irruouordpou]
1154 2089 1273 2159 Verba:
1392 2087 1393 2156 i

229 2211 270 2280 εἷς
289 2206 321 2271 δέ
341 2197 375 2269 ’τὸ
393 2207 569 2270 κατώτατον
581 2203 669 2289 μέρος
687 2201 771 2267 idem
786 2200 974 2290 significant,
990 2199 1072 2290 quod
1089 2224 1180 2291 supra
1196 2209 1280 2268 κάτω

228 2315 397 2403 βλέποντας
406 2340 418 2393 ,·
439 2333 511 2376 nam
530 2303 776 2401 quodproponit
792 2311 832 2377 de
849 2313 959 2390 PauW,
984 2317 1169 2398 κακώτερον,
1191 2325 1279 2380 recte

227 2421 407 2513 inprobatur
423 2443 441 2485 a
460 2419 630 2487 D'Orrillio
648 2421 681 2484 in
705 2420 791 2488 ene.
805 2419 846 2485 V
841 2442 918 2488 αντα.
937 2442 1007 2508 pag.
1021 2425 1097 2490 552.
1130 2422 1279 2494 Phasian,
1391 2437 1392 2456 ¹

227 2537 334 2612 uertit:
361 2537 558 2622 σ’έσρκσκοα
584 2533 642 2596 aba
672 2553 710 2596 re
735 2533 897 2621 Aegyptii
911 2532 1013 2597 iidim
1030 2532 1080 2596 ad
1094 2533 1282 2621 inferiores

226 2651 351 2740 sceptri
363 2647 472 2712 diuini
478 2654 598 2736 partes
607 2643 848 2734 Hippopotami
859 2643 1278 2738 coagulusdtaaspingunt;

177 2754 185 2768 '
225 2761 329 2852 itaque
346 2757 385 2826 ad
406 2764 440 2826 τὸ
459 2762 634 2824 κατώτατον
650 2757 737 2842 μέρος
753 2756 937 2844 intellexisse
954 2755 1076 2822 ridetur
1095 2763 1157 2828 τῶν
1179 2763 1277 2831 θείαν

225 2882 400 2960 σκήπτρων,
421 2883 456 2938 ut
474 2870 569 2936 estin
586 2869 647 2934 fine
666 2889 734 2958 cap.
754 2866 897 2958 praeced.
915 2867 999 2934 trieri
1013 2882 1113 2958 potest
1126 2883 1161 2936 ut
1180 2894 1274 2961 (ροσε-

148 2967 154 2978 ’
227 2986 298 3052 dam
313 2985 365 3052 hio
381 2984 497 3063 desint,
514 2982 630 3072 quibus
644 2980 703 3047 hoc
718 2980 993 3072 Hieroglyphicum
1009 3003 1080 3046 cnm
1088 2981 1184 3071 priori
1197 3003 1274 3049 oon-

221 3099 385 3184 jungutur,
405 3110 495 3185 atque
509 3094 552 3160 ita
571 3092 885 3174 divinorumillorum
904 3105 1090 3181 sceptrorum
1108 3091 1273 3184 descriptio

227 3205 453 3297 quodammodo
471 3206 630 3272 conieniut
647 3227 717 3271 cum
738 3227 795 3284 ea,
819 3225 912 3294 quam
936 3225 971 3269 er
989 3203 1086 3271 Suida
1106 3183 1145 3270 ad
1167 3228 1272 3296 proco.

227 3340 295 3407 cap.
314 3317 492 3399 citavimus,
511 3317 622 3407 cuique
640 3317 771 3382 similem
789 3328 860 3384 ante
877 3315 978 3381 oculos
993 3315 1134 3384 habuisse
1151 3317 1272 3386 ridetur

226 3428 413 3496 Plutarchus
424 3429 496 3498 Lib.
516 3427 695 3496 desolare.
715 3427 827 3494 duim.
846 3426 868 3496 l.
887 3429 909 3495 l.
947 3409 1100 3494 'Attamen
1123 3419 1199 3520 pars
1216 3431 1270 3496 in-

206 3607 208 3610 .
225 3541 318 3608 ferior
332 3555 532 3632 sceptrorum,
548 3540 658 3630 quibus
667 3539 888 3630 Aegyptiorum
896 3539 949 3605 ilii
964 3539 1178 3630 insigniuntur,
1198 3541 1269 3634 hip-

225 3655 383 3744 popotami
401 3675 515 3743 ungues
534 3653 649 3720 referre
664 3673 727 3717 non
745 3649 876 3719 ridetur.
903 3648 952 3717 of.
965 3652 1028 3720 tab.
1037 3666 1138 3724 nostr.
1156 3667 1201 3722 n⁰.
1214 3661 1268 3724 ut.

270 3765 425 3854 Klaproth
437 3765 497 3856 Op.
519 3766 580 3847 cit,
592 3765 651 3856 ΕΡ.
671 3763 698 3832 Ι.
715 3779 784 3854 pag.
806 3769 857 3831 14.
875 3777 964 3853 putot
977 3764 1203 3856 hippopotami
1219 3790 1268 3832 ra-

226 3879 339 3945 tionem
364 3876 420 3943 hio
442 3899 504 3942 non
526 3900 590 3945 esse
614 3876 807 3958 habendam,
832 3876 975 3966 quoniam
993 3879 1057 3967 ejus
1082 3899 1195 3968 imgues
1211 3899 1267 3944 er-

226 3991 369 4058 trinsecus
387 3989 521 4081 conspici
539 4004 709 4080 nequeant3
736 3991 839 4078 itaqua
857 3987 897 4054 dc
914 3991 1039 4081 coagulo
1054 3990 1267 4059 tantummodo
