2832 4876
306 309 615 381 HORAPOLLINIS
637 308 835 379 fllenoat.
854 317 861 334 ⁹
883 311 926 406 Π.ι
958 315 1009 383 13.
1034 319 1086 382 14.
1157 315 1220 384 30‘9

604 525 706 579 error
729 517 799 583 xin.

162 687 166 696 .
213 626 374 700 'Aturvioe
394 623 607 711 oiruptrpqorr]
648 625 822 696 Phasianin.
844 623 947 694 addit:
968 627 1043 692 iltis
1060 630 1220 692 enimen-

172 748 295 804 merum
316 735 583 827 comprehendere
601 735 898 803 faaa'la'ustoma'nee
915 747 1152 803 consererentur·
1175 777 1221 792 -

173 848 351 918 Secundum
378 849 555 928 Heronem,
573 851 664 937 'eujus
694 849 957 942 Georqetmemene
983 849 1065 916 edita
1094 863 1163 917 sant
1189 851 1222 916 in

172 961 323 1029 Aneleet.
356 959 474 1029 Graec.
507 960 602 1048 Paris.
630 963 725 1028 1688.
756 962 886 1052 digitus
904 961 1004 1037 unitas
1033 974 1098 1027 erat
1125 961 1222 1028 omnis
1309 959 1313 975 ‘

171 1057 362 1139 mensurae(
380 1069 515 1137 Isidorus
529 1072 561 1135 in
576 1071 711 1162 origin.
722 1095 793 1163 pag.
810 1077 885 1141 226.
905 1073 1048 1163 digitum
1062 1073 1223 1138 minimam

98 1191 100 1196 '
172 1207 236 1251 esse
253 1183 330 1249 dicit
346 1205 558 1248 mensanarum
576 1183 758 1273 vulgarium.
808 1182 857 1252 cf.
880 1183 1009 1250 Jomard
1031 1185 1064 1248 in
1090 1184 1220 1275 Kepos.

174 1295 256 1363 Bet.
276 1295 380 1364 Metr.
394 1295 432 1360 V
430 1302 471 1363 et.
481 1292 566 1386 Aeg.
587 1295 798 1385 inDesen'pt.
814 1295 899 1387 Aeg.
920 1294 1027 1384 Antiq.
1049 1295 1136 1363 Tom.
1148 1295 1221 1364 vll.

171 1430 243 1498 paq.
264 1410 348 1486 471,
372 1429 457 1496 seqq.
508 1405 672 1474 Caeterum
701 1408 735 1472 in
761 1407 831 1472 ulna
853 1407 1075 1496 Aegyptiorum
1093 1407 1223 1498 digitm

170 1541 341 1584 mensurae
362 1533 481 1609 partem
500 1519 676 1601 eonstituit;
702 1518 805 1584 vidia
823 1521 887 1587 tab.
907 1531 1002 1586 nostr.
1022 1529 1056 1583 n⁰
1077 1524 1130 1586 58.

216 1630 263 1697 De
283 1631 450 1699 Goulianoi
466 1629 525 1720 0p.
546 1632 600 1700 eit.
620 1636 755 1720 pag.29.
777 1644 870 1720 eaput
887 1631 948 1698 hoe
967 1653 1022 1722 per
1039 1630 1223 1720 annologiam

171 1743 322 1832 explieat,
357 1742 502 1832 quoniam
530 1742 659 1831 digitus
691 1741 820 1830 Coptioe
848 1741 970 1807 dicatur
997 1767 1087 1833 rna,
1107 1745 1225 1809 ,metiri

172 1859 259 1940 reru
282 1837 433 1941 posterior
455 1873 511 1916 ror
528 1850 654 1939 proprie
671 1850 822 1939 signifieat
841 1851 925 1930 dure
941 1874 1146 1934 mensarum,
1170 1852 1225 1920 sed
1301 1927 1305 1940 Ι
1347 1933 1354 1944 .

170 1985 268 2052 qaum
287 1963 320 2026 in
337 1961 443 2028 leriois
451 1983 513 2027 non
523 1962 695 2027 inveniatur
705 1961 789 2049 (nam
804 1965 918 2027 metita
940 1965 983 2040 flia
1008 1965 1169 2053 vertitur),
1190 1987 1225 2030 er

170 2072 340 2161 eemposito
372 2080 491 2149 anien
501 2076 719 2159 ..inmenears,
742 2086 848 2162 patere
865 2085 973 2162 putat,
991 2074 1112 2141 literam
1136 2083 1160 2145 'r
1184 2075 1224 2140 ad

171 2182 304 2248 formam
326 2184 482 2250 verbalem
503 2182 696 2272 pertinuisse.

201 2291 366 2382 Sey-nauh
394 2295 455 2385 op.
484 2295 537 2365 eit.
567 2318 637 2384 pag.
666 2299 739 2362 183.
768 2294 852 2363 med.
882 2295 1027 2385 digitum
1049 2295 1223 2384 symbolum
1282 2316 1288 2336 t

169 2417 258 2472 voeat
280 2405 405 2474 Saturni
427 2407 580 2497 planetae.
628 2463 632 2472 .

600 2538 710 2585 cerua
727 2539 793 2589 xlv
888 2519 893 2526 '

212 2635 357 2696 Femina
373 2631 497 2716 ἔγκυον]
532 2631 664 2697 Mereeri
682 2633 907 2720 conjecturam,
926 2653 983 2721 pro
999 2633 1120 2712 ἔγγυον,
1138 2630 1221 2721 quod

170 2737 203 2804 iu
220 2742 370 2807 nonnullis
387 2738 485 2810 codd.
505 2755 536 2808 et
553 2742 634 2811 Edd.
654 2742 786 2832 legitur,
814 2742 941 2830 legentis
960 2747 1081 2822 ἔγκυον,
1106 2744 1222 2810 confir-

169 2863 293 2916 marunt
304 2851 403 2921 Oodd.
419 2856 499 2943 Aug.
520 2867 550 2920 et
565 2854 660 2923 Paris.
673 2856 713 2923 A.
733 2853 923 2943 eandemque
937 2854 1054 2920 Pierius
1062 2854 1220 2943 Hierogl.

169 2959 241 3029 In'b.
261 2962 373 3033 XLIV.
393 2973 462 3055 'eap.
485 2963 538 3032 13.
559 2979 679 3032 secutus
699 2965 831 3032 videtur.
869 2965 917 3030 De
931 2965 1026 3031 Pauw
1044 2968 1152 3044 ἔγγυον
1170 2986 1219 3030 re-

114 3149 119 3157 ,
167 3072 328 3140 tinendum
355 3090 463 3166 putat,
489 3077 659 3165 symbolum
679 3077 721 3143 ita
739 3076 907 3167 explicans:
940 3076 1004 3141 »in
1023 3075 1225 3144 matrimonio

171 3199 234 3253 »ot
259 3187 377 3253 familia
404 3191 565 3278 conjugata
592 3213 670 3256 uuus
699 3202 744 3257 est
764 3189 838 3270 Sol,
862 3188 987 3254 maritus
1006 3187 1143 3267 scilieet,
1168 3188 1220 3254 eui

169 3299 347 3368 »adhaeret
364 3303 457 3386 ἀστὴρ
476 3323 547 3367 eum
565 3299 637 3368 Sole
655 3301 820 3391 bipartito,
841 3299 874 3365 id
891 3313 935 3366 est
950 3321 1040 3380 uxor,
1060 3322 1139 3389 quae
1152 3323 1219 3366 om-

169 3433 239 3477 »ne
266 3410 358 3478 decus
381 3412 535 3478 etlumen
554 3437 571 3478 a
591 3414 702 3480 marito
722 3426 863 3492 mutuat,
888 3413 930 3478 ita
951 3426 1074 3492 tamen,
1098 3424 1133 3477 ut
1150 3424 1219 3501 post

170 3521 355 3612 »integrum
375 3522 478 3590 Solem
497 3523 551 3591 Sol
569 3505 675 3590 etiam¹
691 3525 830 3591 rideatur
853 3524 1031 3616 bipartitus:
1057 3525 1157 3616 dorio
1174 3533 1221 3587 est

169 3647 339 3721 »respecta
356 3634 431 3716 riri,
451 3634 505 3703 Sol
521 3636 684 3725 bipartitus
700 3625 841 3726 respectu
859 3637 1006 3713 aliorum,
1037 3632 1091 3722 qui
1110 3633 1142 3698 in
1162 3655 1218 3698 ea-

113 3785 116 3792 ‹
170 3741 273 3810 »dem
290 3747 405 3814 familia
416 3748 565 3816 svivuntr'
602 3748 738 3823 Visoonti
754 3748 787 3812 in
804 3747 920 3813 Museo
929 3746 1221 3822 Pio-Clementiae.

169 3855 257 3923 Tom.
287 3856 331 3925 ΙΙ.
360 3859 399 3924 ad
416 3861 480 3930 tab.
498 3861 584 3929 XVI.
609 3885 679 3952 paq.
701 3867 784 3941 146,
808 3883 871 3950 seq.
898 3858 1013 3948 (Vero.
1039 3857 1163 3943 Geli),
1187 3867 1218 3921 et

169 3966 257 4035 Tem.
279 3966 322 4036 ll.
348 3992 417 4059 pag.
438 3977 490 4040 38.
517 3972 580 4061 (f.)
605 3973 688 4062 (Ed.
708 3971 805 4059 Ital.)
831 3994 890 4063 pro
912 3959 1096 4056 raepqpe'rov
1121 3967 1217 4034 corri-
