2804 4872
335 330 642 403 uoaaroffllus
657 329 860 402 masona.
908 334 937 402 1.
963 338 1014 404 16.
1140 342 1214 406 213*

190 425 204 462 l

157 547 359 627 erumperem
374 535 452 622 jam
477 540 693 626 ercpmuimna.
740 535 821 603 Nam
836 550 919 604 recte
937 536 1073 604 statuisse
1090 535 1203 603 riden-

159 663 210 716 tur
228 639 385 716 Merccrus·
397 643 501 716 Gauss.
521 659 551 712 ct
571 644 610 711 de
627 646 721 712 Pauor
737 646 854 712 nullam
875 645 941 712 hia·
953 670 1016 714 csse
1042 650 1199 728 lacunem3

158 763 264 851 itaque
282 761 404 826 fortasse
424 759 504 844 ὕδωρ
519 757 618 846 priori
630 757 698 825 loco
714 757 850 847 positum
866 759 940 825 ritio
958 746 1133 841 scribentis,
1154 781 1203 827 or·

158 886 226 938 tum
243 873 302 938 fuit
321 867 584 958 exsequentibus:
610 871 749 954 ro'u‘uloep
772 874 813 944 εἷς
835 873 870 936 τὸ
890 871 1052 958 ὡρολόγιον
1073 873 1203 956 ἀποκρί-

157 1009 253 1050 νεται.
301 981 390 1068 Quod
416 992 519 1047 autem
545 981 579 1045 in
597 976 697 1046 Godd.
716 978 835 1048 Mosell.
855 993 886 1045 et
904 981 989 1046 Paris
1006 978 1045 1049 Δ.
1065 981 1103 1048 Β.
1124 982 1206 1070 lege·

158 1093 263 1160 batur:
289 1100 323 1160 τὸ
335 1096 414 1179 ὕδωρ
426 1101 526 1189 popu,
539 1103 632 1156 reete
646 1093 712 1179 jam
730 1093 892 1180 explicasse
909 1090 1030 1157 videtur
1045 1090 1084 1156 de
1099 1093 1227 1173 Pauus.
1332 1139 1337 1152 .

161 1205 271 1272 docens
296 1212 390 1290 μομᾶ,
414 1205 463 1272 vel
488 1208 590 1293 potius
606 1209 710 1286 μὼμα,
728 1203 859 1293 margini
877 1203 1001 1270 fortasse
1020 1202 1219 1294 adscriptum.

161 1317 252 1382 baisse
280 1315 319 1380 ab
347 1316 470 1405 aliquo,
494 1328 530 1381 ut
557 1313 707 1379 indicaret
724 1336 829 1379 vocem
846 1316 924 1401 ὕδωρ
938 1314 998 1381 hoc
1016 1315 1085 1382 loco
1103 1314 1207 1382 adesse

161 1451 223 1494 nou
250 1427 378 1510 debere3
404 1428 437 1494 in
464 1449 501 1494 eo
527 1439 630 1493 tamen
659 1447 760 1493 enare
787 1425 914 1505 videtur
928 1425 966 1491 de
985 1427 1100 1506 Pauus,
1124 1426 1208 1515 quod

162 1540 292 1606 formam
318 1539 448 1606 activam
472 1543 565 1622 μώμα
590 1549 766 1626 usurpatam
788 1559 845 1626 pro
861 1537 965 1604 media
983 1539 1027 1604 ita
1046 1536 1209 1604 defendere

161 1664 299 1730 conatur,
318 1663 352 1716 ut
369 1649 452 1716 dicat
471 1656 629 1733 μωμεύειν,
651 1650 779 1731 popius
802 1661 833 1714 et
854 1659 987 1734 μωμάειν
1006 1650 1039 1715 in
1056 1673 1113 1716 usu
1131 1672 1208 1738 pro·
1322 1637 1327 1648 ’

161 1763 277 1829 miscuo
305 1762 396 1828 baisse
423 1761 514 1842 olim;
541 1757 625 1848 quod
644 1757 683 1823 de
701 1760 917 1848 antiquissimis
936 1762 1126 1850 temporibus
1146 1759 1209 1826 dici

163 1897 270 1964 posse,
294 1897 356 1941 non
381 1895 455 1941 vero
484 1871 522 1970 dp
548 1873 603 1952 iis,
628 1871 739 1961 quibus
765 1872 833 1938 talis
850 1872 946 1961 glossa
963 1874 1077 1963 scripta
1094 1875 1208 1953 fuerit,

163 1986 252 2054 docet
271 1985 428 2056 ll'Orville
453 1988 487 2051 in
509 1984 596 2054 Urit.
617 1984 738 2050 Vanae
756 2006 826 2074 pag.
848 1977 933 2066 549.
958 2009 1003 2074 sq.
1030 1985 1085 2073 (Ἴ.
1133 1985 1210 2048 Var-

117 2097 120 2100 ’
163 2102 241 2168 bum
262 2100 479 2182 ἀποκρίνεσθαι
502 2096 618 2186 passive
645 2095 678 2163 h.
706 2095 730 2165 l.
759 2095 908 2184 significat
935 2099 1068 2162 mamni
1079 2146 1088 2178 ‚
1112 2118 1211 2186 εφα-1

165 2215 265 2289 rari,
287 2208 386 2295 ojiei,·
410 2208 490 2272 inter
507 2208 654 2296 passivam
673 2219 704 2272 et
721 2205 856 2272 mediam
873 2205 964 2295 hujus
980 2207 1069 2303 verbi
1091 2207 1211 2296 signifi·

165 2323 317 2390 cntionem
334 2321 377 2384 ita
395 2317 585 2408 distinguant
603 2318 804 2386 Grammatici
820 2331 958 2398 veteres,
982 2332 1017 2385 ut
1042 2319 1119 2386 haec
1143 2341 1212 2386 res-

159 2431 329 2524 pmtdestdi
335 2481 344 2511 ‚
361 2430 611 2520 illascpnrandi
620 2431 872 2520 sipiificationem
881 2430 1004 2498 habeat.
1016 2411 1017 2422 .
1031 2428 1088 2498 eff.
1100 2430 1211 2499 Thom.

162 2549 243 2636 Mag.
265 2567 336 2634 pag.
358 2548 412 2610 96.
437 2541 506 2610 ud.
524 2541 634 2632 Baro.¹
679 2540 870 2630 Phrynichus
890 2543 923 2608 in
942 2542 1020 2610 lucr.
1040 2545 1110 2632 pag.
1132 2547 1209 2612 208.

165 2660 234 2728 Ed.
258 2656 390 2724 Lacon
417 2656 598 2720 Ammonius
622 2653 663 2718 dc
679 2653 849 2741 Asisisaium
868 2653 908 2719 V
904 2657 991 2721 oeob.
1012 2654 1213 2742 Differmtia

165 2793 235 2862 pag.
256 2773 309 2838 21.
332 2747 383 2835 eci.
406 2766 445 2832 V
441 2767 567 2832 aleten.
590 2765 623 2829 in
640 2786 715 2830 voce
742 2768 957 2850 ἀποκριθῆναι.
980 2779 1032 2846 et,
1057 2789 1150 2856 quem
1168 2769 1212 2833 ibi

165 2879 298 2950 laudarit
324 2879 471 2944 Valckan.
518 2874 659 2943 Eustath.
690 2873 729 2940 ad
753 2874 800 2940 Il.
830 2883 870 2940 Ε.
902 2878 953 2942 12.
1003 2875 1116 2944 Contra
1134 2877 1214 2943 hanc
1241 2927 1243 2934 ,

163 2995 301 3084 regulam
324 2990 491 3079 docuerunt
515 2985 706 3052 Schwsraius
738 2986 771 3050 in
797 2985 896 3052 Notis
922 2987 962 3050 ad
994 2986 1150 3053 Olearium
1175 2991 1215 3055 de

167 3106 255 3176 Stilo
269 3104 313 3171 Ν.
332 3102 371 3170 Τ.
391 3120 460 3190 pag.
482 3102 535 3165 16.
556 3098 639 3163 etin
661 3097 948 3190 Comm.Linguoe
967 3098 1027 3168 Gr.
1047 3123 1116 3190 pag.
1137 3106 1212 3170 863.
1242 3129 1245 3142 ··
1275 3117 1286 3127 ·

164 3219 314 3287 B'a'attman
332 3216 365 3280 in
387 3213 534 3279 Gramm.
558 3209 656 3278 Uber.
672 3208 753 3278 Voll.
770 3208 813 3278 ll.
833 3211 923 3277 Parte
933 3211 960 3278 1.
977 3234 1047 3300 pag.
1066 3215 1140 3281 173.
1159 3214 1215 3278 ubi

165 3343 280 3396 monet·
298 3324 517 3418 posterioribus
546 3321 671 3388 demum
699 3322 887 3410 temporibus
913 3323 1136 3408 ἀποκριθῆναι,
1159 3349 1217 3415 pro

165 3443 389 3527 ἀποκρίνασθαι
411 3435 503 3500 fuisse
531 3447 722 3524 usurpatum.
753 3471 797 3484 -
828 3432 946 3502 Verba:
975 3438 1151 3522 ἀμφοτέρων
1173 3475 1218 3488 -

167 3556 309 3638 κρουνὸν,
333 3547 507 3638 parenthesi
526 3559 596 3614 sunt
615 3544 817 3625 includenda,
842 3545 988 3635 quoniam
1007 3568 1128 3614 causam
1147 3549 1217 3616 red-

181 3821 219 3889 (*)
237 3823 354 3873 Trillerus
377 3825 404 3872 in
432 3823 536 3880 obacro.
566 3822 633 3881 ortt,
662 3813 801 3886 pagsil’ff,
823 3836 877 3884 seq.
902 3821 1039 3872 arbitratur
1063 3825 1225 3888 glossatorem

67 3979 72 3987 ι
163 3914 315 3979 quemdam,
344 3913 528 3964 adscribentem
555 3928 644 3962 vocem
662 3912 732 3960 illam
759 3912 848 3972 μομιῖ,
877 3913 988 3964 indicare
1006 3915 1114 3966 voluisse
1133 3928 1226 3964 nomen

164 3998 325 4062 aegyptium,
337 4011 388 4059 quo
403 4011 469 4058 aquo
482 3994 617 4055 indicetur,
639 4004 774 4068 uwo‘t',
793 3993 843 4045 sive
862 4006 978 4052 uoou‘.
