2804 4872
339 309 647 384 uonluonnnus
670 261 867 386 ntuuoun.
912 303 943 388 1.
970 323 1000 386 4.
1131 324 1191 393 rra

146 537 294 594 uouere,
319 506 414 604 quum
430 505 654 604 primum‘illa,
677 519 769 584 unioo
786 518 882 608 gradu
904 541 922 584 a
945 518 1193 612 Solis'oonjuuo-

146 647 193 694 a»
203 629 286 695 tione
304 613 449 707 discedit,
475 631 577 695 statim
594 643 735 719 respectu
753 633 849 698 nostri
867 653 979 697 cornua
1005 634 1128 724 erigere·
1143 636 1193 700 ln-

145 765 192 806 »n
203 741 299 831 cipit,
331 739 451 806 etiamsi
476 740 612 806 nondum
640 755 799 831 appareat:
835 742 887 808 sed
916 742 990 808 dum
1016 747 1057 811 30
1085 744 1193 814 diebus

146 853 382 942 »»eompletis,
406 853 470 931 ait,
498 853 603 918 lunam
626 853 768 920 deorsum
794 855 902 920 inflexa
928 862 1032 946 ger'ere
1058 879 1190 941 comua3

146 987 274 1032 »ocum
290 966 381 1054 vulgo
397 965 554 1056 loquitur,
578 965 661 1055 quod
688 968 805 1057 integro
832 970 929 1033 mensi
948 973 990 1034 30
1009 967 1073 1035 dies
1091 972 1194 1037 tribu-

54 1094 56 1100 ·
146 1103 192 1145 a»
202 1101 255 1145 ere
274 1077 441 1144 consuevit.
488 1075 640 1166 Supponit
657 1089 760 1143 autem
778 1079 882 1147 Solem
899 1081 933 1144 iu
950 1080 1057 1145 eodem
1075 1083 1192 1172 positu,

145 1215 192 1257 ν»
203 1213 264 1280 quo
291 1211 400 1278 supra,
425 1187 459 1253 id
484 1202 529 1255 est
556 1189 589 1254 in
617 1189 805 1272 Occidente,
830 1206 860 1258 et
886 1194 1005 1258 Lunam
1031 1195 1094 1284 ejus
1117 1217 1223 1274 uon-¹

146 1303 397 1392 »ujunetioneur
427 1313 643 1390 appetentem3
685 1315 759 1370 tune
795 1305 877 1368 enim
910 1305 996 1369 Luna
1032 1319 1195 1395 antequam

146 1404 288 1494 ›r»Soli,
321 1414 354 1479 in
379 1413 488 1479 eodem
522 1413 720 1504 longitudinis
753 1429 868 1504 puncto
888 1417 1049 1506 jungitur,
1082 1439 1196 1484 cornua

147 1549 256 1593 »nsua
278 1526 419 1593 deorsum
436 1525 623 1593 inlleetit.''’'
651 1527 712 1618 'Ile
729 1527 955 1616 Paquuoque
973 1531 1093 1614 μοίρας,
1107 1533 1196 1619 gra.

146 1639 231 1718 ders,
253 1661 315 1705 nou
341 1639 412 1704 dies
438 1661 501 1704 esse
527 1637 703 1719 adnotavit,
737 1653 828 1728 atque
854 1639 963 1706 eodem
988 1638 1081 1707 modo
1103 1641 1196 1709 vertit

146 1749 293 1839 Requler.
324 1749 520 1815 *Lectionem
540 1747 638 1816 Godd.
660 1749 755 1816 Paris.
775 1749 823 1831 d,
847 1731 965 1819 ldorell.
986 1764 1017 1817 et
1035 1752 1115 1842 Aug.
1145 1775 1197 1819 se-

146 1851 212 1928 cuti
229 1881 348 1939 sumus,
373 1859 456 1949 qnod
474 1882 508 1925 eu
527 1859 636 1926 melius
654 1861 796 1926 convenit
818 1882 889 1925 eum
906 1863 943 1928 iis
963 1885 1041 1952 quae
1059 1885 1197 1952 sequun-

145 1961 217 2040 tur:
244 1977 297 2038 τὸν
318 1975 449 2056 ἀριθμὸν
471 1978 532 2039 τῶν
550 1979 712 2056 τριάκοντα
733 1977 849 2056 ἡμερῶν
871 1973 1197 2058 tripedaneam-

145 2086 244 2153 Porro
271 2083 450 2170 interpretes
476 2080 615 2147 nonnulli
647 2087 680 2149 ἐν
711 2091 750 2166 τῇ
771 2084 946 2165 ἀπονρονοει
972 2080 1195 2167 reddiderunt,

146 2200 185 2261 in
203 2215 340 2270 ooeasu,·
363 2191 472 2258 melius
499 2191 681 2271 Trebatius,
708 2215 778 2256 οανν
806 2195 1005 2271 oomtltalur,
1031 2191 1134 2264 Causs.
1162 2201 1197 2262 in

146 2311 250 2386 οοναο,
270 2318 301 2370 et
318 2305 471 2393 Requier,
488 2306 610 2393 lorsqu?
630 2306 691 2368 elle
708 2313 757 2368 est
774 2304 858 2370 doras
877 2329 935 2370 sora
954 2305 1070 2375 deelzn.
1099 2306 1195 2374 Ἀπὸ-

55 2483 56 2486 ,
145 2442 264 2502 κροοοις
282 2417 396 2483 dieitur
414 2415 452 2480 de
460 2415 546 2482 Luna
564 2415 764 2484 decrescente.
796 2415 852 2485 Off.
866 2413 1059 2488 Glem.Alex.
1072 2417 1194 2492 Strom.

146 2533 205 2600 vl.
229 2552 298 2620 cap.
320 2532 371 2597 16.
396 2551 466 2618 pag.
487 2532 562 2598 814.
595 2527 665 2598 ud.
684 2528 774 2596 Patr.
807 2529 893 2599 Alex.
920 2529 1070 2621 Aphrod.
1092 2531 1120 2602 l.
1141 2538 1195 2604 66.

148 2643 361 2734 Ροοοίνατολῇ
382 2641 508 2707 fortasse
526 2641 583 2706 erit
600 2639 763 2730 legendum
781 2643 919 2725 αὐξήσει,
939 2645 1029 2730 (nam
1046 2643 1122 2710 haee
1140 2669 1196 2713 vox

149 2768 312 2844 usurpatur
337 2752 376 2819 de
394 2755 488 2820 Luna
513 2762 693 2832 crescente,
718 2755 842 2837 αὔξησιν
870 2755 1089 2841 λαμβάνοντος.
1136 2755 1194 2826 cff.

148 2866 419 2960 PhilodeMprrdi
431 2865 520 2956 Opas.
544 2888 614 2954 pag.
626 2869 679 2932 23.
721 2863 846 2931 Aristot.
866 2863 906 2928 de
924 2864 1061 2935 Mundo.
1081 2873 1194 2958 cap.6.
1252 2867 1253 2872 ’

150 2981 240 3048 Tum.
269 2978 297 3046 l.
328 3003 398 3069 pag.
429 2981 504 3046 861.
532 2978 572 3045 ll.
598 2976 735 3044 ¹delion.
764 2974 803 3039 de
828 2975 940 3042 duim.
967 2977 1048 3046 Nat.
1067 2977 1111 3046 ll.
1132 2983 1196 3062 35,

148 3091 226 3160 llll.
249 3092 315 3178 13.)
339 3105 374 3157 ut
401 3092 443 3156 ita
470 3089 629 3169 conveniat
655 3110 725 3154 oum
752 3087 890 3177 sequenti
916 3089 1111 3174 ἀποκρονοεις
1146 3103 1198 3172 aut

150 3203 347 3274 statuendum
374 3203 526 3290 ἀνατολῇ,
559 3201 619 3267 hoo
644 3200 732 3280 loco,
756 3213 792 3266 ut
817 3200 902 3266 etin
931 3222 998 3290 cap.
1027 3202 1196 3292 superiori,

150 3318 282 3387 indicari
309 3324 472 3396 οαονίναα,
506 3314 549 3381 ita
575 3327 609 3380 ut
634 3319 678 3401 ¹e'v
712 3322 751 3410 νῇ
784 3314 919 3398 ἀνατολῇ
940 3313 1090 3404 significet
1116 3315 1199 3383 idem

152 3430 234 3522 quod
254 3438 333 3520 post
360 3432 470 3495 lunam
495 3449 630 3506 trovam,
655 3412 709 3492 sed
722 3425 856 3515 priorem
874 3423 1022 3491 rationem
1041 3429 1199 3516 praetule-

152 3545 278 3610 rim.—-
299 3543 338 3609 ln
355 3541 392 3608 iis
414 3562 492 3630 quae
511 3552 698 3628 sequuntur,
724 3541 929 3623 τὸννὶριθμὸν
954 3543 1015 3604 τῶν
1039 3546 1201 3625 τριάκοντα

151 3661 267 3740 ἡμερῶν
290 3655 508 3740 πληρώσαοαν,
532 3652 571 3717 de
587 3652 680 3717 Puuw
698 3663 781 3717 reete
799 3649 954 3715 adnotavit
970 3655 1130 3718 eurialum
1147 3651 1200 3717 hio

153 3751 346 3834 Praesentis
373 3765 594 3856 significatione
620 3762 771 3830 adhiberi.
797 3801 841 3813 —
864 3761 1100 3845 Praecedentia,
1129 3787 1200 3830 πεν-

152 3880 312 3946 τεκαίδεκα
337 3885 448 3966 μοιρῶν
469 3883 677 3965 ὑπάρχουσαν,
701 3874 878 3965 accipienda
904 3875 1044 3943 videntur
1074 3897 1135 3939 non
1165 3883 1200 3938 ut

46 4050 49 4058 .
154 3989 296 4069 dicatur,
321 3990 449 4079 οαοοᾶο
473 3998 521 4055 est
539 3989 717 4079 quiadeeem
736 3992 907 4079 portum,
931 3987 1005 4068 sed,
1030 3985 1126 4052 donee
1152 3990 1200 4047 est
