2804 4872
182 297 244 362 tot
550 273 859 356 innutritum
930 371 932 374 .
1026 355 1027 360 ,
1116 297 1118 308 “

183 493 242 564 Off.
255 514 376 584 quoqne
389 493 454 580 ejus
464 489 579 580 Opusc.
591 489 618 558 1.
627 513 661 578 p.
673 494 726 558 79.
752 486 902 576 Klaproth
911 499 942 552 et
953 483 1124 575 OhampoD.
1135 485 1167 554 ll.
1179 507 1226 554 cc.

226 613 326 692 ψυχῆς
354 603 522 691 περίβολος]
582 600 689 668 Cicero
711 601 806 667 Tusc.
825 599 921 690 Dr'sp.
940 598 970 666 I.
991 603 1031 669 9:
1058 599 1152 665 »aliis
1177 620 1229 664 cor

184 718 313 806 »ipsum
339 713 457 780 animus
484 712 625 793 videtur,
659 735 708 778 ex·
721 736 782 802 quo
806 711 979 790 excordes,
1002 724 1034 776 et
1057 709 1208 778 vecordes
1221 731 1245 789 ,·

184 811 445 916 »concordesque
463 823 606 891 dicuntur
615 849 624 906 ;
646 837 678 890 et
695 824 804 890 Nasica
822 821 873 887 ille
889 819 1023 911 prudens
1039 821 1087 888 his
1106 823 1229 900 consul,

95 991 97 998 .
185 937 463 1016 »Corculum;'et

276 1076 298 1116 u
309 1048 468 1139 »Egregie
485 1048 640 1114 cordatus
657 1047 749 1113 homo
768 1058 851 1112 catus
869 1045 974 1112 Aelius
991 1045 1119 1113 Sextus'’
1131 1053 1151 1082 '²

185 1163 283 1232 Stoici
300 1161 395 1227 animi
413 1159 516 1226 sedem
533 1160 566 1224 iu
585 1158 676 1226 corde
694 1180 756 1224 esse
774 1149 936 1249 putabant3
959 1157 1001 1224 sIc
1019 1171 1049 1223 et
1065 1159 1233 1248 Diogenes,

184 1270 402 1351 Parmenides,
431 1270 599 1360 Epicurei,
629 1270 830 1361 Hippocrates
854 1270 969 1359 aliique
996 1270 1120 1340 medici.
1175 1267 1233 1340 Off.

187 1407 262 1475 quos
277 1383 316 1450 ad
333 1381 512 1450 Ciceronem
521 1385 542 1450 l.
553 1383 575 1450 l.
593 1383 698 1448 citarit
713 1382 861 1450 Davisius.
886 1383 1041 1472 Inprimis
1056 1383 1236 1450 Plutarchus

186 1497 227 1562 de
240 1498 337 1564 Plac.
356 1496 480 1562 Philus.
497 1494 559 1561 III.
577 1498 608 1561 4.
621 1527 666 1538 -
680 1494 831 1582 Diogenes
844 1494 984 1561 Laertius
995 1495 1081 1562 VIII.
1094 1499 1124 1564 1.
1137 1500 1167 1583 §
1180 1501 1234 1564 30.

186 1606 281 1674 tradit
303 1607 506 1695 Pythagoram
529 1603 666 1672 docuisse
690 1605 785 1670 trium
803 1606 915 1673 mentis
933 1606 1085 1672 humanae
1102 1609 1236 1696 partium

189 1720 280 1808 (quae
299 1730 368 1784 suut
385 1727 470 1798 νοῦς,
496 1719 599 1803 φρένες
621 1730 653 1784 et
674 1717 802 1804 θυμὸς),
826 1723 926 1802 θυμὸν
948 1718 1044 1786 inesse
1062 1719 1166 1802 cordi,
1187 1741 1236 1785 re-
1258 1737 1260 1742 ·
1381 1694 1382 1732 i

187 1830 287 1920 liquas
313 1829 387 1895 duas
411 1842 513 1918 partes
535 1829 568 1894 in
585 1829 711 1895 cerebro
735 1823 888 1910 constare;
914 1830 986 1896 inde
1002 1831 1127 1898 fortasse
1143 1854 1238 1923 repe-

188 1941 335 2020 tendum,
356 1939 440 2030 qnod
458 1952 562 2006 namet
581 1939 710 2028 Diogen.
728 1940 832 2007 Laert.
849 1940 893 2006 ib.
911 1946 940 2029 §.
960 1945 1016 2010 ι19.
1035 1965 1106 2008 eum
1115 1945 1238 2031 jussisse

187 2055 314 2140 καρδίας
336 2079 368 2118 τε
391 2053 568 2138 ἀπέχεσθαι.
616 2049 665 2120 CI.
686 2075 807 2141 qnoque
825 2054 990 2144 Gregorius
1007 2056 1176 2143 Nyssenus,
1200 2059 1241 2123 dc

188 2159 318 2233 Animo¹
337 2162 407 2230 vol.
427 2162 472 2231 II.
499 2187 569 2255 pag.
595 2168 670 2232 924.
690 2166 728 2233 B.
754 2166 797 2230 ed
818 2166 934 2234 Pons.
966 2171 1061 2236 1615.
1079 2169 1121 2256 (⁴)
1140 2169 1240 2236 —In

190 2300 276 2366 seqq.
301 2279 384 2362 ψυχὴ
410 2277 554 2362 ἐγκαρδία
582 2275 717 2358 dicitur,
744 2276 839 2343 veluti
865 2277 944 2342 iufra
956 2327 966 2358 ,
995 2301 1063 2366 cap.
1092 2284 1144 2348 13.
1167 2286 1240 2358 θεὸς

189 2395 351 2470 ἐγκόσμιος.
374 2421 417 2438 -·

234 2499 287 2580 ἀφ’
315 2487 351 2564 οὗ
378 2501 428 2563 καὶ
456 2502 473 2562 o‘
501 2497 583 2581 ἱέραξ
610 2499 662 2563 διὰ
689 2503 723 2563 τὸ
750 2503 823 2583 πρὸς
846 2503 905 2581 ,τὴν
926 2505 1028 2585 ψυχὴν
1050 2475 1236 2588 συμπαθεῖν]

183 2609 338 2680 ‚Aldinam
356 2607 535 2674 lectionem:
562 2599 615 2689 cici
638 2596 673 2673 ori
694 2611 745 2673 καὶ
766 2613 786 2674 o‘
806 2611 887 2693 ἱέραξ
908 2615 942 2676 τὸ
965 2616 1038 2695 πρὸς
1059 2617 1114 2695 τὴν
1136 2618 1241 2700 ψυχὴν

123 2737 129 2746 ·
191 2726 367 2804 συμπαθὲς,
397 2720 436 2786 de
461 2721 556 2786 Pauw
581 2720 623 2785 ita
649 2720 799 2810 explicat,
828 2734 862 2787 ut
887 2728 921 2788 τὸ
939 2721 1058 2789 dicatur
1076 2747 1133 2814 pro
1152 2731 1186 2807 ὃ,
1210 2739 1241 2792 et

194 2855 295 2900 sensus
313 2832 367 2902 sit:
389 2832 472 2896 unde
490 2839 521 2896 et
539 2835 713 2922 ocrprdcr,
733 2833 821 2921 praed
828 2836 934 2923 plane
950 2859 1020 2902 mem
1037 2821 1151 2905 areima
1168 2859 1241 2903 con·

193 2949 311 3025 sentit,
343 2965 462 3034 amcam
489 2957 555 3025 cet;
591 2945 838 3032 conjunctionem
865 2951 934 3023 uui,
973 2971 1052 3038 quae
1079 2950 1112 3014 in
1140 2948 1238 3036 codd.

192 3057 345 3122 nonnuDis
363 3054 609 3145 editionibusque
626 3057 754 3146 legitur,
768 3057 882 3124 rectius
899 3061 1000 3126 omitti
1013 3063 1081 3148 jam
1095 3062 1242 3130 indicarit

196 3167 235 3232 de
253 3169 358 3236 Pauw.
456 3185 457 3190 ’

117 3369 121 3376 ,
238 3268 267 3364 qi
290 3283 343 3344 καὶ
368 3287 388 3362 ἡ
414 3283 497 3364 ψυχὴ
525 3280 678 3365 τρέφεται]
735 3279 783 3346 Ita
808 3303 870 3346 esse
893 3261 1130 3374 legendum'pho
1149 3287 1245 3360 altero

193 3393 234 3464 ὡς
261 3393 313 3455 καὶ
341 3398 360 3474 ἡ
387 3396 490 3475 ψυχὴ,
522 3402 583 3457 cet.
607 3391 673 3478 jam
695 3391 830 3480 'conjecit
851 3393 946 3462 Mero.
972 3409 1003 3462 et
1026 3396 1245 3463 confirmarunt

195 3521 277 3565 nunc
302 3497 401 3568 codd.
427 3500 536 3568 Parias.
562 3513 633 3568 tres.
663 3539 709 3552 -
737 3502 884 3570 Animum
910 3497 1052 3595 singnine
1074 3507 1186 3573 nutriri
1209 3531 1245 3574 er

225 3792 261 3863 (⁸)
279 3795 421 3844 Tractatum
440 3794 509 3845 hunc
524 3797 556 3844 de
575 3795 672 3846 Anima
688 3799 770 3847 minus
785 3803 855 3848 recte
872 3801 992 3864 Gregorio
1010 3801 1120 3863 Dyrreno
1139 3801 1251 3868 adscrip-

283 3890 354 3946 tum,
375 3887 463 3935 contra
482 3902 496 3934 n
516 3887 629 3938 hemerio
655 3889 732 3939 t'uitre
755 3890 919 3956 compositum
938 3890 1012 3942 docet
1031 3895 1055 3945 S.
1074 3895 1104 3945 P.
1122 3892 1207 3958 treijns
1225 3893 1251 3942 in
1334 3949 1341 3962 ι

281 3975 396 4042 Disput.
415 3979 446 4028 rte
468 3976 594 4042 Gregorio
610 3979 736 4044 Nyrasrro.
755 3995 813 4048 pag.
832 3981 876 4032 86.
892 4007 922 4019 -
