2804 4872
329 325 637 401 IIOIIIPOLIINIS
659 325 857 395 lIIIlllthL.
904 329 931 395 1.
959 330 1009 392 11.
1135 333 1196 397 185

149 533 273 600 fortusse
298 533 331 596 in
350 531 490 621 Aegypto
509 542 720 620 argenteorum
739 551 934 596 nummorum
950 530 1100 596 unitatem
1118 553 1196 598 oon-
1267 605 1271 618 Ι

150 645 269 726 stituit3
289 655 371 710 oerto
385 643 505 708 Veteris
519 644 705 710 Testamenti
722 643 903 732 interpretes
913 643 1109 710 Alexandrini
1124 644 1195 709 uhi-

150 779 211 846 que
238 757 389 822 caleulum
415 756 577 822 instituunt
604 753 773 822 seeundum
799 756 1011 836 didroohna,
1040 757 1094 844 (of.
1115 780 1144 824 r.
1165 779 1196 826 o.

148 868 249 937 Lerit.
262 867 393 936 XXVII.
415 873 457 947 3,
477 868 655 957 δραμοοὶο
670 881 718 947 et,
741 869 799 933 uhi
817 867 980 933 dimidium
998 866 1088 956 hujus
1105 891 1197 933 num-

147 982 193 1046 mi
219 982 389 1071 exprimere
408 980 542 1060 dehent,
564 1001 627 1045 non
653 993 781 1046 utuntur
799 1003 875 1046 roeo
894 983 1030 1068 δραχμὴ,
1053 979 1105 1047 sed
1124 1002 1196 1046 ver-

148 1103 218 1158 tunt
244 1098 278 1160 τὸ
304 1097 394 1176 ἣμισυ
420 1099 472 1158 τοῦ
500 1093 673 1179 διδράχμον.
699 1090 748 1160 cf.
769 1091 866 1160 Erod.
886 1093 986 1160 XXX.
1013 1097 1065 1162 13.
1112 1095 1197 1162 Fieri

131 1201 250 1270 ‘tarn'en
271 1218 387 1294 potest,
416 1216 451 1270 ut
479 1204 541 1270 hoo
566 1203 803 1294 looouuaedam
820 1204 996 1270 tribuantur
1014 1204 1195 1296 Aegyptiis,

124 1347 127 1354 Δ
149 1338 228 1405 quae
242 1315 282 1382 ad
300 1317 443 1396 aliorum,
455 1311 669 1386 Gnosticorum
679 1317 816 1396 fortasse,
836 1317 993 1407 opiniones
1009 1319 1194 1408 pertineant,

148 1451 280 1516 quorum
307 1430 362 1518 qui
389 1427 605 1520 Carpocratem
631 1429 857 1518 sequebantur,
882 1430 1019 1496 omnium
1043 1454 1122 1520 quae
1141 1454 1196 1497 er·

147 1541 242 1607 istunt
260 1542 399 1624 initium,
417 1541 581 1611 Monadem
601 1544 761 1611 vocabant.
796 1540 846 1611 cf.
857 1543 969 1610 Matter
986 1542 1082 1612 Hert.
1106 1543 1195 1613 ortt.

152 1652 265 1722 mant.
285 1656 373 1723 Tom.
392 1654 436 1725 ΙΙ.
456 1678 526 1746 pag.
546 1659 622 1724 265.
669 1647 788 1721 hluder'n
813 1657 939 1722 nomine
964 1656 1058 1723 etiam
1080 1669 1196 1722 veteres

146 1763 322 1856 philosophi
348 1766 473 1831 initium
502 1788 605 1832 rerum
632 1764 829 1844 indicarunt,
861 1790 890 1834 r.
919 1790 948 1836 o.
987 1768 1193 1858 Pythagoras,

146 1875 314 1944 secundum
339 1876 470 1965 Diogen.
499 1877 602 1959 Laert,
632 1877 720 1944 VIII.
751 1880 781 1946 1.
811 1881 841 1964 §.
872 1882 927 1946 25.
974 1878 1063 1945 Philo
1086 1880 1119 1944 in
1137 1881 1194 1947 lih.

143 1993 241 2074 Περὶ
282 1993 362 2056 τῶν
402 1990 710 2075 ἀναφερομένων
742 1994 785 2057 ἐν
818 1990 919 2054 εἴδεϊ
952 1994 1097 2071 νομῶν,
1135 2003 1194 2057 oet.

145 2101 213 2166 fere
234 2099 268 2164 in
290 2099 354 2164 fine
375 2105 431 2182 τὴν
453 2100 606 2182 Monada,
629 2100 733 2165 Deum
754 2111 861 2178 rooat,
885 2101 994 2170 Adada
1014 2109 1121 2166 autem
1143 2124 1197 2168 rer

144 2211 187 2276 od
208 2233 245 2276 eo
262 2213 410 2302 genitos.

186 2326 283 2406 μονάς
305 2323 338 2388 δὲ
360 2325 476 2398 παντὸς
502 2325 632 2409 ἀριθμοῦ
658 2324 785 2410 νένιοις]
843 2325 905 2390 Ex
927 2325 1196 2406 montode'onmes
1304 2313 1310 2318 ¹

143 2437 273 2535 ordmeri
290 2443 366 2500 eunt
382 2436 473 2514 nati,
493 2457 533 2500 eo
550 2443 599 2500 est
616 2440 977 2503 omniom.nomerorum
995 2443 1101 2532 origo.
1132 2441 1195 2506 Vo-

144 2567 211 2612 cem
229 2547 344 2628 γένεσις
361 2544 469 2612 eudem
485 2547 709 2639 significatione
727 2571 850 2639 quoque
865 2551 1023 2640 usurparit
1037 2551 1192 2621 Plutarch.

144 2658 185 2723 de
210 2657 260 2727 Io.
289 2667 321 2724 et
350 2657 407 2727 Os.
436 2682 512 2750 oap.
534 2663 598 2741 36,
621 2659 703 2729 med.
728 2685 799 2750 pag.
820 2667 895 2730 365.
929 2660 966 2731 (l.
1000 2669 1097 2752 ἡγὰρ
1118 2669 1194 2752 ὑγρὰ

142 2777 248 2854 φύσις,
270 2775 344 2859 ἀρχὴ
368 2776 422 2838 eal
443 2773 557 2854 γένεσις
579 2768 652 2838 οὖσα
673 2779 798 2840 πάντων
820 2775 852 2850 ἐξ
881 2776 993 2860 ἀρχῆς,
1025 2779 1064 2840 τά
1089 2781 1196 2862 πρῶτα

141 2883 213 2966 τρία
233 2885 373 2965 σώματα,
390 2891 448 2966 γῆν
466 2883 609 2968 diposui
626 2891 685 2968 πῦρ
701 2885 831 2968 ἐποίησε.
859 2877 952 2950 -hlias
969 2884 1083 2952 dicitur
1099 2887 1192 2971 ἀρχὴ,

142 2992 190 3058 vel
214 2993 340 3080 σπέρμα.
385 2994 515 3085 ltiogen.
534 2996 639 3061 Laert.
657 2995 679 3062 l.
700 3016 729 3062 o.
752 2997 848 3081 ἀρχὴν
866 2999 923 3076 μὲν
945 3001 1007 3064 τῶν
1027 3002 1192 3077 ἁπάντων,

140 3103 271 3187 μονάδα·
299 3108 332 3170 ἐκ
359 3104 392 3171 δὲ
419 3107 572 3190 μονάδος,
603 3109 741 3191 ἀόριστον
770 3107 887 3188 δνάδα,
919 3111 961 3182 ὥς
986 3112 1026 3175 ἄν
1052 3107 1127 3192 ὕλην
1157 3115 1196 3195 τῇ

139 3216 250 3299 μονάδι
281 3217 370 3301 dirior
401 3221 469 3284 ὄντι
494 3221 673 3304 ὑποοτῇναι·
706 3218 799 3283 ἐκδὲ
826 3225 878 3301 τῆς
898 3220 1034 3301 μονάδος
1063 3222 1115 3284 καὶ
1141 3228 1194 3304 τῆς

141 3325 279 3412 ἀορίστου
307 3329 436 3408 δυάδος,
464 3333 534 3405 τούς
556 3333 713 3416 ἀριθμούς.
742 3342 803 3398 cel.
859 3328 965 3396 Theon
997 3329 1134 3420 Smyrn.
1153 3331 1193 3398 de
1217 3385 1221 3392 .

141 3436 289 3509 Arithm.
323 3463 393 3530 cup.
430 3446 484 3511 23.
518 3445 583 3509 ἐπεὶ
609 3447 666 3529 γάρ
699 3444 774 3526 αὐτὴ
811 3433 949 3532 [monas]
985 3441 1050 3512 οἷον
1077 3445 1194 3529 σπέρμα

140 3559 265 3622 πάντων
278 3559 359 3622 ἐστὶν
372 3558 522 3642 ἀριθμῶν.
540 3553 598 3624 Off.
612 3578 735 3645 qnoque
744 3579 812 3645 eap.
825 3561 856 3624 4.
867 3571 898 3623 et
908 3558 996 3646 (quos
1005 3553 1044 3620 ad
1055 3555 1124 3646 cap.
1136 3560 1190 3624 23.

142 3663 249 3729 citarit
264 3663 303 3730 de
318 3665 431 3733 Gelder
449 3667 481 3731 in
499 3664 604 3735 adnot.
627 3667 760 3734 Theonis
777 3668 908 3734 editioni
924 3666 1078 3759 addita'p.
1101 3668 1189 3754 172.)

140 3775 336 3874 Jamhliohus
353 3783 391 3844 ιἰι
406 3779 534 3850 ll'ioom,
553 3779 700 3848 Arittm.
720 3804 790 3870 pag.
813 3784 866 3848 12.
887 3781 914 3846 Β
938 3779 1006 3870 (qui
1014 3805 1048 3871 p.
1062 3777 1209 3860 115.t.,

140 3889 309 3954 littorium
323 3915 445 3983 quoque
459 3915 621 3960 numerum
638 3892 713 3960 dixit
730 3893 960 3984 σπερματικὸν),
983 3893 1187 3982 theologam.

140 4001 288 4073 Arium.
309 4025 376 4096 rap.
393 4005 421 4075 I.
438 4029 506 4098 pag.
525 4014 557 4080 3.
581 4006 704 4076 Proolus
717 4005 903 4078 inaestuat.
927 4008 1020 4092 Ἦμέ
1025 4033 1051 4092 ρ.
1065 4026 1098 4092 p.
1112 4004 1187 4070 169.
