<?xml version="1.0" encoding="UTF-8"?>
<!DOCTYPE html PUBLIC "-//W3C//DTD XHTML 1.0 Transitional//EN"
    "http://www.w3.org/TR/xhtml1/DTD/xhtml1-transitional.dtd">
<html xmlns="http://www.w3.org/1999/xhtml" xml:lang="en" lang="en">
 <head>
  <title>
</title>
<meta http-equiv="Content-Type" content="text/html;charset=utf-8" />
  <meta name='ocr-system' content='tesseract 3.04.00' />
  <meta name='ocr-capabilities' content='ocr_page ocr_carea ocr_par ocr_line ocrx_word'/>
</head>
<body>
  <div class='ocr_page' id='page_1' title='image "./horapollinisnil01leemgoog_0171.png"; bbox 0 0 2852 4864; ppageno 0'>
   <div class='ocr_carea' id='block_1_1' title="bbox 172 251 854 343">
    <p class='ocr_par' dir='ltr' id='par_1_1' title="bbox 172 251 854 360">
     <span class='ocr_line' id='line_1_1' title="bbox 172 251 854 343; baseline 0.003 -9"><span class='ocrx_word' id='word_1_1' title='bbox 172 272 241 343; x_wconf 76' lang='lat' dir='ltr'><strong>sno</strong></span> <span class='ocrx_word' id='word_1_2' title='bbox 536 251 854 338; x_wconf 63' lang='lat' dir='ltr'><strong>&#39;inconsueto</strong></span> 
     </span>
    </p>
   </div>
   <div class='ocr_carea' id='block_1_2' title="bbox 76 433 1224 560">
    <p class='ocr_par' dir='ltr' id='par_1_2' title="bbox 76 433 1224 560">
     <span class='ocr_line' id='line_1_2' title="bbox 76 433 1224 560; baseline 0.002 -24"><span class='ocrx_word' id='word_1_3' title='bbox 76 551 78 554; x_wconf 15' lang='grc' dir='ltr'>Ι</span> <span class='ocrx_word' id='word_1_4' title='bbox 177 467 240 536; x_wconf 87' lang='lat' dir='ltr'><strong>Sed</strong></span> <span class='ocrx_word' id='word_1_5' title='bbox 254 468 294 538; x_wconf 88' lang='lat' dir='ltr'><strong>ad</strong></span> <span class='ocrx_word' id='word_1_6' title='bbox 309 470 402 536; x_wconf 86' lang='lat' dir='ltr'><strong>talem</strong></span> <span class='ocrx_word' id='word_1_7' title='bbox 420 467 511 558; x_wconf 85' lang='lat' dir='ltr'><strong>hujus</strong></span> <span class='ocrx_word' id='word_1_8' title='bbox 531 469 618 536; x_wconf 81' lang='lat' dir='ltr'><strong>uerbi</strong></span> <span class='ocrx_word' id='word_1_9' title='bbox 644 433 896 560; x_wconf 79' lang='lat' dir='ltr'><strong>significationem</strong></span> <span class='ocrx_word' id='word_1_10' title='bbox 914 467 1079 558; x_wconf 75' lang='lat' dir='ltr'><strong>confugere</strong></span> <span class='ocrx_word' id='word_1_11' title='bbox 1101 456 1224 538; x_wconf 80' lang='lat' dir='ltr'><strong>nonest</strong></span> 
     </span>
    </p>
   </div>
   <div class='ocr_carea' id='block_1_3' title="bbox 66 579 1319 672">
    <p class='ocr_par' dir='ltr' id='par_1_3' title="bbox 66 579 1319 672">
     <span class='ocr_line' id='line_1_3' title="bbox 66 579 1319 672; baseline 0.002 -26"><span class='ocrx_word' id='word_1_12' title='bbox 66 647 68 654; x_wconf 82' lang='grc'>,</span> <span class='ocrx_word' id='word_1_13' title='bbox 177 603 318 663; x_wconf 87' lang='lat' dir='ltr'><strong>necesso,</strong></span> <span class='ocrx_word' id='word_1_14' title='bbox 351 580 602 672; x_wconf 84' lang='lat' dir='ltr'><strong>quandoquidem</strong></span> <span class='ocrx_word' id='word_1_15' title='bbox 629 582 768 648; x_wconf 83' lang='lat' dir='ltr'><strong>nonnulli</strong></span> <span class='ocrx_word' id='word_1_16' title='bbox 791 581 1012 671; x_wconf 68' lang='lat' dir='ltr'><strong>Aegyptiorum</strong></span> <span class='ocrx_word' id='word_1_17' title='bbox 1030 579 1086 652; x_wconf 76' lang='lat' dir='ltr'><strong>‚dii</strong></span> <span class='ocrx_word' id='word_1_18' title='bbox 1114 581 1223 670; x_wconf 84' lang='lat' dir='ltr'><strong>capitis</strong></span> <span class='ocrx_word' id='word_1_19' title='bbox 1314 603 1319 610; x_wconf 87' lang='lat'>·</span> 
     </span>
    </p>
   </div>
   <div class='ocr_carea' id='block_1_4' title="bbox 63 692 1226 1918">
    <p class='ocr_par' dir='ltr' id='par_1_4' title="bbox 63 692 1226 1918">
     <span class='ocr_line' id='line_1_4' title="bbox 176 692 1223 783; baseline -0.001 -24"><span class='ocrx_word' id='word_1_20' title='bbox 176 693 376 782; x_wconf 81' lang='lat' dir='ltr'><strong>tegimentum</strong></span> <span class='ocrx_word' id='word_1_21' title='bbox 402 693 519 759; x_wconf 87' lang='lat' dir='ltr'><strong>habent</strong></span> <span class='ocrx_word' id='word_1_22' title='bbox 546 695 587 760; x_wconf 85' lang='lat' dir='ltr'><strong>ab</strong></span> <span class='ocrx_word' id='word_1_23' title='bbox 615 693 699 760; x_wconf 93' lang='lat' dir='ltr'><strong>omni</strong></span> <span class='ocrx_word' id='word_1_24' title='bbox 725 706 813 783; x_wconf 87' lang='lat' dir='ltr'><strong>perte</strong></span> <span class='ocrx_word' id='word_1_25' title='bbox 839 692 1003 772; x_wconf 81' lang='lat' dir='ltr'><strong>basiliscis,</strong></span> <span class='ocrx_word' id='word_1_26' title='bbox 1038 692 1101 762; x_wconf 82' lang='lat' dir='ltr'><strong>siue</strong></span> <span class='ocrx_word' id='word_1_27' title='bbox 1123 692 1223 758; x_wconf 83' lang='lat' dir='ltr'><strong>urceis</strong></span> 
     </span>
     <span class='ocr_line' id='line_1_5' title="bbox 174 803 1226 894; baseline -0.002 -24"><span class='ocrx_word' id='word_1_28' title='bbox 174 805 320 872; x_wconf 80' lang='lat' dir='ltr'><strong>inauratis</strong></span> <span class='ocrx_word' id='word_1_29' title='bbox 344 805 481 872; x_wconf 90' lang='lat' dir='ltr'><strong>cinctum</strong></span> <span class='ocrx_word' id='word_1_30' title='bbox 499 819 530 872; x_wconf 91' lang='lat' dir='ltr'><strong>et</strong></span> <span class='ocrx_word' id='word_1_31' title='bbox 548 818 708 884; x_wconf 85' lang='lat' dir='ltr'><strong>ornatum,</strong></span> <span class='ocrx_word' id='word_1_32' title='bbox 731 803 876 894; x_wconf 90' lang='lat' dir='ltr'><strong>quodque</strong></span> <span class='ocrx_word' id='word_1_33' title='bbox 895 804 1096 894; x_wconf 70' lang='lat' dir='ltr'><strong>tegimentum</strong></span> <span class='ocrx_word' id='word_1_34' title='bbox 1115 803 1159 876; x_wconf 76' lang='lat' dir='ltr'><strong>iis</strong></span> <span class='ocrx_word' id='word_1_35' title='bbox 1170 829 1226 870; x_wconf 82' lang='grc' dir='ltr'><strong>πε-</strong></span> 
     </span>
     <span class='ocr_line' id='line_1_6' title="bbox 172 911 1225 1002; baseline 0 -20"><span class='ocrx_word' id='word_1_36' title='bbox 172 919 324 1002; x_wconf 78' lang='grc' dir='ltr'><strong><em>ριτίθεται</em></strong></span> <span class='ocrx_word' id='word_1_37' title='bbox 356 911 394 980; x_wconf 81' lang='lat' dir='ltr'><strong>id</strong></span> <span class='ocrx_word' id='word_1_38' title='bbox 417 930 462 983; x_wconf 86' lang='lat' dir='ltr'><strong>est</strong></span> <span class='ocrx_word' id='word_1_39' title='bbox 497 919 678 984; x_wconf 77' lang='grc' dir='ltr'><strong><em>ἐπιτίθεται.</em></strong></span> <span class='ocrx_word' id='word_1_40' title='bbox 722 915 849 986; x_wconf 85' lang='lat' dir='ltr'><strong>Suldas:</strong></span> <span class='ocrx_word' id='word_1_41' title='bbox 887 918 1026 1001; x_wconf 77' lang='grc' dir='ltr'><strong>περίθου·</strong></span> <span class='ocrx_word' id='word_1_42' title='bbox 1049 918 1122 997; x_wconf 77' lang='grc' dir='ltr'><strong><em>ὅπερ</em></strong></span> <span class='ocrx_word' id='word_1_43' title='bbox 1152 923 1225 998; x_wconf 73' lang='grc' dir='ltr'><strong>ἡμῖν</strong></span> 
     </span>
     <span class='ocr_line' id='line_1_7' title="bbox 174 1023 1222 1114; baseline 0 -20"><span class='ocrx_word' id='word_1_44' title='bbox 174 1031 304 1114; x_wconf 76' lang='grc' dir='ltr'><strong><em>σννηθὲς</em></strong></span> <span class='ocrx_word' id='word_1_45' title='bbox 334 1031 445 1107; x_wconf 64' lang='grc' dir='ltr'><strong><em>ἐπίθου</em></strong></span> <span class='ocrx_word' id='word_1_46' title='bbox 477 1029 587 1109; x_wconf 78' lang='grc' dir='ltr'><strong><em>λέγειν.</em></strong></span> <span class='ocrx_word' id='word_1_47' title='bbox 641 1026 736 1096; x_wconf 83' lang='lat' dir='ltr'><strong>Diod.</strong></span> <span class='ocrx_word' id='word_1_48' title='bbox 773 1027 839 1098; x_wconf 88' lang='lat' dir='ltr'><strong>Sic.</strong></span> <span class='ocrx_word' id='word_1_49' title='bbox 874 1027 912 1096; x_wconf 89' lang='lat' dir='ltr'><strong>L.</strong></span> <span class='ocrx_word' id='word_1_50' title='bbox 942 1025 974 1096; x_wconf 88' lang='grc' dir='ltr'><strong>Ι.’</strong></span> <span class='ocrx_word' id='word_1_51' title='bbox 990 1023 1073 1095; x_wconf 67' lang='lat' dir='ltr'><strong>&#39;Ed</strong></span> <span class='ocrx_word' id='word_1_52' title='bbox 1105 1025 1164 1094; x_wconf 88' lang='lat' dir='ltr'><em>W</em></span> <span class='ocrx_word' id='word_1_53' title='bbox 1158 1049 1222 1094; x_wconf 79' lang='lat' dir='ltr'><strong>esc.</strong></span> 
     </span>
     <span class='ocr_line' id='line_1_8' title="bbox 169 1138 1223 1230; baseline 0.002 -26"><span class='ocrx_word' id='word_1_54' title='bbox 169 1138 274 1230; x_wconf 65' lang='lat' dir='ltr'><strong>roll.</strong></span> <span class='ocrx_word' id='word_1_55' title='bbox 293 1159 366 1228; x_wconf 79' lang='lat' dir='ltr'><strong>pag.</strong></span> <span class='ocrx_word' id='word_1_56' title='bbox 380 1141 440 1220; x_wconf 86' lang='lat'><strong>15,</strong></span> <span class='ocrx_word' id='word_1_57' title='bbox 454 1139 556 1208; x_wconf 76' lang='lat' dir='ltr'><strong>initio,</strong></span> <span class='ocrx_word' id='word_1_58' title='bbox 580 1141 690 1226; x_wconf 78' lang='grc' dir='ltr'><strong><em>κέρατα</em></strong></span> <span class='ocrx_word' id='word_1_59' title='bbox 709 1141 738 1206; x_wconf 82' lang='grc' dir='ltr'><strong>δ’</strong></span> <span class='ocrx_word' id='word_1_60' title='bbox 757 1143 836 1225; x_wconf 78' lang='grc' dir='ltr'><strong><em>αὐτῇ</em></strong></span> <span class='ocrx_word' id='word_1_61' title='bbox 854 1140 977 1228; x_wconf 81' lang='grc' dir='ltr'>(Ἴσιδι)</span> <span class='ocrx_word' id='word_1_62' title='bbox 996 1141 1223 1226; x_wconf 74' lang='grc' dir='ltr'><strong><em>περιτιθέασιν,</em></strong></span> 
     </span>
     <span class='ocr_line' id='line_1_9' title="bbox 174 1235 1223 1330; baseline -0.001 -13"><span class='ocrx_word' id='word_1_63' title='bbox 174 1251 231 1317; x_wconf 85' lang='lat' dir='ltr'><strong>ubi</strong></span> <span class='ocrx_word' id='word_1_64' title='bbox 249 1264 352 1317; x_wconf 89' lang='lat' dir='ltr'><strong>tamen</strong></span> <span class='ocrx_word' id='word_1_65' title='bbox 371 1248 535 1317; x_wconf 89' lang='lat' dir='ltr'><strong>adnotatur</strong></span> <span class='ocrx_word' id='word_1_66' title='bbox 557 1251 617 1316; x_wconf 83' lang='lat' dir='ltr'><strong>olio</strong></span> <span class='ocrx_word' id='word_1_67' title='bbox 640 1250 732 1317; x_wconf 90' lang='lat' dir='ltr'><strong>lectio</strong></span> <span class='ocrx_word' id='word_1_68' title='bbox 751 1252 939 1318; x_wconf 67' lang='lat' dir='ltr'><strong>insecutorem</strong></span> <span class='ocrx_word' id='word_1_69' title='bbox 946 1277 958 1330; x_wconf 93' lang='lat'><strong>,·</strong></span> <span class='ocrx_word' id='word_1_70' title='bbox 981 1249 1034 1316; x_wconf 90' lang='lat' dir='ltr'><strong>sed</strong></span> <span class='ocrx_word' id='word_1_71' title='bbox 1058 1235 1150 1330; x_wconf 81' lang='lat' dir='ltr'><strong>etium</strong></span> <span class='ocrx_word' id='word_1_72' title='bbox 1170 1250 1223 1316; x_wconf 88' lang='lat' dir='ltr'><strong>illo</strong></span> 
     </span>
     <span class='ocr_line' id='line_1_10' title="bbox 63 1345 1222 1452; baseline -0.003 -22"><span class='ocrx_word' id='word_1_73' title='bbox 63 1439 65 1442; x_wconf 18' lang='lat'>¹</span> <span class='ocrx_word' id='word_1_74' title='bbox 174 1364 243 1430; x_wconf 93' lang='lat' dir='ltr'><strong>loco</strong></span> <span class='ocrx_word' id='word_1_75' title='bbox 260 1363 381 1452; x_wconf 82' lang='lat' dir='ltr'><strong>uulgata</strong></span> <span class='ocrx_word' id='word_1_76' title='bbox 399 1360 604 1429; x_wconf 69' lang='lat' dir='ltr'><strong>concidetur</strong></span> <span class='ocrx_word' id='word_1_77' title='bbox 621 1359 782 1440; x_wconf 81' lang='lat' dir='ltr'><strong>tentanda,</strong></span> <span class='ocrx_word' id='word_1_78' title='bbox 805 1383 903 1450; x_wconf 90' lang='lat' dir='ltr'><strong>quum</strong></span> <span class='ocrx_word' id='word_1_79' title='bbox 917 1374 990 1451; x_wconf 91' lang='lat' dir='ltr'><strong>apte</strong></span> <span class='ocrx_word' id='word_1_80' title='bbox 1006 1345 1135 1450; x_wconf 81' lang='lat' dir='ltr'><strong>intelligi</strong></span> <span class='ocrx_word' id='word_1_81' title='bbox 1151 1383 1222 1450; x_wconf 91' lang='lat' dir='ltr'><strong>pos-</strong></span> 
     </span>
     <span class='ocr_line' id='line_1_11' title="bbox 174 1473 1223 1564; baseline -0.004 -22"><span class='ocrx_word' id='word_1_82' title='bbox 174 1475 213 1542; x_wconf 86' lang='lat' dir='ltr'><strong>sit</strong></span> <span class='ocrx_word' id='word_1_83' title='bbox 237 1473 278 1541; x_wconf 90' lang='lat' dir='ltr'><strong>de</strong></span> <span class='ocrx_word' id='word_1_84' title='bbox 305 1475 413 1564; x_wconf 83' lang='lat' dir='ltr'><strong>capitis</strong></span> <span class='ocrx_word' id='word_1_85' title='bbox 430 1473 597 1564; x_wconf 87' lang='lat' dir='ltr'><strong>tegimento</strong></span> <span class='ocrx_word' id='word_1_86' title='bbox 615 1473 664 1538; x_wconf 82' lang='lat' dir='ltr'><strong>rel</strong></span> <span class='ocrx_word' id='word_1_87' title='bbox 686 1473 868 1564; x_wconf 78' lang='lat' dir='ltr'><strong>diadematis</strong></span> <span class='ocrx_word' id='word_1_88' title='bbox 885 1495 997 1563; x_wconf 90' lang='lat' dir='ltr'><strong>genere</strong></span> <span class='ocrx_word' id='word_1_89' title='bbox 1013 1473 1136 1542; x_wconf 86' lang='lat' dir='ltr'><strong>bubulis</strong></span> <span class='ocrx_word' id='word_1_90' title='bbox 1154 1493 1223 1539; x_wconf 88' lang='lat' dir='ltr'><strong>cor-</strong></span> 
     </span>
     <span class='ocr_line' id='line_1_12' title="bbox 173 1583 1222 1675; baseline -0.002 -23"><span class='ocrx_word' id='word_1_91' title='bbox 173 1587 263 1653; x_wconf 91' lang='lat' dir='ltr'><strong>nibus</strong></span> <span class='ocrx_word' id='word_1_92' title='bbox 287 1586 458 1666; x_wconf 86' lang='lat' dir='ltr'><strong>instructo,</strong></span> <span class='ocrx_word' id='word_1_93' title='bbox 484 1586 575 1675; x_wconf 90' lang='lat' dir='ltr'><strong>quale</strong></span> <span class='ocrx_word' id='word_1_94' title='bbox 600 1585 789 1654; x_wconf 78' lang='lat' dir='ltr'><strong>Mercurium</strong></span> <span class='ocrx_word' id='word_1_95' title='bbox 816 1585 995 1675; x_wconf 84' lang='lat' dir='ltr'><strong>imposuisse</strong></span> <span class='ocrx_word' id='word_1_96' title='bbox 1020 1583 1097 1652; x_wconf 87' lang='lat' dir='ltr'><strong>Isidi</strong></span> <span class='ocrx_word' id='word_1_97' title='bbox 1128 1585 1222 1652; x_wconf 85' lang='lat' dir='ltr'><strong>refert</strong></span> 
     </span>
     <span class='ocr_line' id='line_1_13' title="bbox 173 1695 1223 1788; baseline -0.003 -23"><span class='ocrx_word' id='word_1_98' title='bbox 173 1695 353 1765; x_wconf 83' lang='lat' dir='ltr'><strong>Plutarchus</strong></span> <span class='ocrx_word' id='word_1_99' title='bbox 370 1697 411 1764; x_wconf 87' lang='lat' dir='ltr'><strong>de</strong></span> <span class='ocrx_word' id='word_1_100' title='bbox 427 1695 487 1767; x_wconf 67' lang='lat' dir='ltr'><strong>Ic,</strong></span> <span class='ocrx_word' id='word_1_101' title='bbox 499 1707 531 1764; x_wconf 84' lang='lat' dir='ltr'><strong>et</strong></span> <span class='ocrx_word' id='word_1_102' title='bbox 552 1695 610 1765; x_wconf 85' lang='lat' dir='ltr'><strong>Oe.</strong></span> <span class='ocrx_word' id='word_1_103' title='bbox 634 1719 705 1787; x_wconf 87' lang='lat' dir='ltr'><strong>cap.</strong></span> <span class='ocrx_word' id='word_1_104' title='bbox 725 1700 779 1764; x_wconf 84' lang='lat'><strong>19.</strong></span> <span class='ocrx_word' id='word_1_105' title='bbox 798 1721 869 1788; x_wconf 88' lang='lat' dir='ltr'><strong>pag.</strong></span> <span class='ocrx_word' id='word_1_106' title='bbox 889 1703 965 1767; x_wconf 87' lang='lat'><strong>358.</strong></span> <span class='ocrx_word' id='word_1_107' title='bbox 983 1697 1025 1767; x_wconf 81' lang='lat' dir='ltr'><strong>lt.</strong></span> <span class='ocrx_word' id='word_1_108' title='bbox 1052 1705 1223 1783; x_wconf 74' lang='grc' dir='ltr'><strong><em>περιθεῖναι</em></strong></span> 
     </span>
     <span class='ocr_line' id='line_1_14' title="bbox 171 1808 1221 1918; baseline -0.004 -40"><span class='ocrx_word' id='word_1_109' title='bbox 171 1813 341 1918; x_wconf 72' lang='grc' dir='ltr'><strong><em>βούκρανρν</em></strong></span> <span class='ocrx_word' id='word_1_110' title='bbox 368 1811 447 1896; x_wconf 81' lang='grc' dir='ltr'><strong><em>αὐτῇ</em></strong></span> <span class='ocrx_word' id='word_1_111' title='bbox 472 1817 590 1897; x_wconf 78' lang='grc' dir='ltr'><strong><em>κράνος.</em></strong></span> <span class='ocrx_word' id='word_1_112' title='bbox 636 1809 747 1900; x_wconf 86' lang='lat' dir='ltr'><strong>Neque</strong></span> <span class='ocrx_word' id='word_1_113' title='bbox 769 1811 891 1877; x_wconf 89' lang='lat' dir='ltr'><strong>obstare</strong></span> <span class='ocrx_word' id='word_1_114' title='bbox 914 1823 1011 1900; x_wconf 91' lang='lat' dir='ltr'><strong>puto,</strong></span> <span class='ocrx_word' id='word_1_115' title='bbox 1034 1808 1118 1898; x_wconf 92' lang='lat' dir='ltr'><strong>quod</strong></span> <span class='ocrx_word' id='word_1_116' title='bbox 1140 1808 1221 1874; x_wconf 84' lang='lat' dir='ltr'><strong>infra</strong></span> 
     </span>
    </p>
   </div>
   <div class='ocr_carea' id='block_1_5' title="bbox 173 1920 1259 2004">
    <p class='ocr_par' dir='ltr' id='par_1_5' title="bbox 173 1920 1259 2004">
     <span class='ocr_line' id='line_1_15' title="bbox 173 1920 1259 2004; baseline 0.001 -19"><span class='ocrx_word' id='word_1_117' title='bbox 173 1920 286 1987; x_wconf 84' lang='lat' dir='ltr'><strong>iterum</strong></span> <span class='ocrx_word' id='word_1_118' title='bbox 309 1921 446 1990; x_wconf 85' lang='lat' dir='ltr'><strong>dicatur:</strong></span> <span class='ocrx_word' id='word_1_119' title='bbox 481 1924 574 1990; x_wconf 78' lang='grc' dir='ltr'><strong><em>αὐτὸν</em></strong></span> <span class='ocrx_word' id='word_1_120' title='bbox 606 1925 657 1990; x_wconf 74' lang='grc' dir='ltr'><strong>ἐπὶ</strong></span> <span class='ocrx_word' id='word_1_121' title='bbox 683 1931 736 2004; x_wconf 75' lang='grc' dir='ltr'><strong>τῆς</strong></span> <span class='ocrx_word' id='word_1_122' title='bbox 763 1922 893 2004; x_wconf 79' lang='grc' dir='ltr'><strong><em>κεφαλῆς</em></strong></span> <span class='ocrx_word' id='word_1_123' title='bbox 919 1929 981 1990; x_wconf 81' lang='grc' dir='ltr'><strong>τῶν</strong></span> <span class='ocrx_word' id='word_1_124' title='bbox 1007 1928 1090 1990; x_wconf 76' lang='grc' dir='ltr'><strong>θεῶν</strong></span> <span class='ocrx_word' id='word_1_125' title='bbox 1120 1927 1220 1988; x_wconf 75' lang='lat' dir='ltr'><strong>inerc—</strong></span> <span class='ocrx_word' id='word_1_126' title='bbox 1256 1921 1259 1930; x_wconf 56' lang='lat'><strong>¹</strong></span> 
     </span>
    </p>
   </div>
   <div class='ocr_carea' id='block_1_6' title="bbox 107 2032 1222 2346">
    <p class='ocr_par' dir='ltr' id='par_1_6' title="bbox 107 2032 1222 2346">
     <span class='ocr_line' id='line_1_16' title="bbox 171 2032 1222 2125; baseline 0 -27"><span class='ocrx_word' id='word_1_127' title='bbox 171 2035 297 2116; x_wconf 70' lang='grc' dir='ltr'><strong><em>θέασινς</em></strong></span> <span class='ocrx_word' id='word_1_128' title='bbox 329 2055 401 2100; x_wconf 89' lang='lat' dir='ltr'><strong>nam</strong></span> <span class='ocrx_word' id='word_1_129' title='bbox 418 2048 636 2125; x_wconf 87' lang='lat' dir='ltr'><strong>praeterquam</strong></span> <span class='ocrx_word' id='word_1_130' title='bbox 658 2032 742 2125; x_wconf 90' lang='lat' dir='ltr'><strong>quod</strong></span> <span class='ocrx_word' id='word_1_131' title='bbox 764 2033 797 2100; x_wconf 89' lang='lat' dir='ltr'><strong>in</strong></span> <span class='ocrx_word' id='word_1_132' title='bbox 817 2033 986 2101; x_wconf 82' lang='lat' dir='ltr'><strong>scribendo·</strong></span> <span class='ocrx_word' id='word_1_133' title='bbox 996 2033 1135 2102; x_wconf 89' lang='lat' dir='ltr'><strong>ordinem</strong></span> <span class='ocrx_word' id='word_1_134' title='bbox 1160 2055 1222 2100; x_wconf 90' lang='lat' dir='ltr'><strong>nou</strong></span> 
     </span>
     <span class='ocr_line' id='line_1_17' title="bbox 131 2143 1221 2250; baseline -0.001 -40"><span class='ocrx_word' id='word_1_135' title='bbox 131 2240 136 2250; x_wconf 31' lang='grc' dir='ltr'><em>Ι</em></span> <span class='ocrx_word' id='word_1_136' title='bbox 170 2143 259 2210; x_wconf 78' lang='lat' dir='ltr'><strong>ualde</strong></span> <span class='ocrx_word' id='word_1_137' title='bbox 286 2158 372 2213; x_wconf 87' lang='lat' dir='ltr'><strong>curat</strong></span> <span class='ocrx_word' id='word_1_138' title='bbox 403 2147 553 2237; x_wconf 74' lang='lat' dir='ltr'><strong>scriptor,</strong></span> <span class='ocrx_word' id='word_1_139' title='bbox 586 2146 666 2214; x_wconf 83' lang='lat' dir='ltr'><strong>infra</strong></span> <span class='ocrx_word' id='word_1_140' title='bbox 694 2146 787 2212; x_wconf 86' lang='lat' dir='ltr'><strong>aliam</strong></span> <span class='ocrx_word' id='word_1_141' title='bbox 815 2168 939 2213; x_wconf 82' lang='lat' dir='ltr'><strong>causam</strong></span> <span class='ocrx_word' id='word_1_142' title='bbox 965 2144 1099 2226; x_wconf 85' lang='lat' dir='ltr'><strong>adtulit,</strong></span> <span class='ocrx_word' id='word_1_143' title='bbox 1127 2167 1221 2234; x_wconf 88' lang='lat' dir='ltr'><strong>quare</strong></span> 
     </span>
     <span class='ocr_line' id='line_1_18' title="bbox 107 2252 1220 2346; baseline 0.004 -28"><span class='ocrx_word' id='word_1_144' title='bbox 107 2262 109 2266; x_wconf 80' lang='grc'><strong>’</strong></span> <span class='ocrx_word' id='word_1_145' title='bbox 173 2252 226 2319; x_wconf 90' lang='lat' dir='ltr'><strong>hic</strong></span> <span class='ocrx_word' id='word_1_146' title='bbox 251 2277 374 2345; x_wconf 88' lang='lat' dir='ltr'><strong>serpens</strong></span> <span class='ocrx_word' id='word_1_147' title='bbox 401 2253 530 2322; x_wconf 88' lang='lat' dir='ltr'><strong>deorum</strong></span> <span class='ocrx_word' id='word_1_148' title='bbox 557 2258 653 2344; x_wconf 89' lang='lat' dir='ltr'><strong>capiti</strong></span> <span class='ocrx_word' id='word_1_149' title='bbox 678 2259 869 2346; x_wconf 84' lang='lat' dir='ltr'><strong>imponatur:</strong></span> <span class='ocrx_word' id='word_1_150' title='bbox 908 2255 997 2345; x_wconf 74' lang='lat' dir='ltr'><strong>quod</strong></span> <span class='ocrx_word' id='word_1_151' title='bbox 1017 2259 1104 2328; x_wconf 60' lang='lat' dir='ltr'><strong>uriae</strong></span> <span class='ocrx_word' id='word_1_152' title='bbox 1128 2277 1220 2322; x_wconf 85' lang='lat' dir='ltr'><strong>mor-</strong></span> 
     </span>
    </p>
   </div>
   <div class='ocr_carea' id='block_1_7' title="bbox 169 2363 1298 2566">
    <p class='ocr_par' dir='ltr' id='par_1_7' title="bbox 169 2363 1298 2566">
     <span class='ocr_line' id='line_1_19' title="bbox 171 2363 1298 2456; baseline 0.002 -26"><span class='ocrx_word' id='word_1_153' title='bbox 171 2367 276 2454; x_wconf 79' lang='lat' dir='ltr'><strong>tisque</strong></span> <span class='ocrx_word' id='word_1_154' title='bbox 285 2374 483 2456; x_wconf 81' lang='lat' dir='ltr'><strong>potestatem</strong></span> <span class='ocrx_word' id='word_1_155' title='bbox 499 2365 616 2430; x_wconf 71' lang='lat' dir='ltr'><strong>raom</strong></span> <span class='ocrx_word' id='word_1_156' title='bbox 632 2366 795 2432; x_wconf 80' lang='lat' dir='ltr'><strong>videatur.</strong></span> <span class='ocrx_word' id='word_1_157' title='bbox 838 2363 1003 2432; x_wconf 77' lang='lat' dir='ltr'><strong>(laetorum</strong></span> <span class='ocrx_word' id='word_1_158' title='bbox 1020 2377 1219 2432; x_wconf 89' lang='lat' dir='ltr'><strong>monumenta</strong></span> <span class='ocrx_word' id='word_1_159' title='bbox 1295 2441 1298 2448; x_wconf 21' lang='grc' dir='ltr'>Ι</span> 
     </span>
     <span class='ocr_line' id='line_1_20' title="bbox 169 2467 1294 2566; baseline -0.002 -22"><span class='ocrx_word' id='word_1_160' title='bbox 169 2477 359 2566; x_wconf 75' lang='lat' dir='ltr'><strong>Aegyptiace</strong></span> <span class='ocrx_word' id='word_1_161' title='bbox 384 2475 626 2555; x_wconf 87' lang='lat' dir='ltr'><strong>confirmarunt,</strong></span> <span class='ocrx_word' id='word_1_162' title='bbox 649 2497 729 2564; x_wconf 90' lang='lat' dir='ltr'><strong>quae</strong></span> <span class='ocrx_word' id='word_1_163' title='bbox 754 2473 832 2542; x_wconf 88' lang='lat' dir='ltr'><strong>dicit</strong></span> <span class='ocrx_word' id='word_1_164' title='bbox 849 2474 1014 2565; x_wconf 86' lang='lat' dir='ltr'><strong>Horapollo</strong></span> <span class='ocrx_word' id='word_1_165' title='bbox 1032 2475 1072 2540; x_wconf 92' lang='lat' dir='ltr'><strong>de</strong></span> <span class='ocrx_word' id='word_1_166' title='bbox 1090 2473 1219 2542; x_wconf 83' lang='lat' dir='ltr'><strong>deomm</strong></span> <span class='ocrx_word' id='word_1_167' title='bbox 1289 2467 1294 2478; x_wconf 55' lang='lat'>⁸</span> 
     </span>
    </p>
   </div>
   <div class='ocr_carea' id='block_1_8' title="bbox 134 2585 1220 4020">
    <p class='ocr_par' dir='ltr' id='par_1_8' title="bbox 134 2585 1220 4020">
     <span class='ocr_line' id='line_1_21' title="bbox 170 2585 1220 2678; baseline -0.001 -25"><span class='ocrx_word' id='word_1_168' title='bbox 170 2588 339 2678; x_wconf 86' lang='lat' dir='ltr'><strong>capitibus,</strong></span> <span class='ocrx_word' id='word_1_169' title='bbox 375 2587 491 2654; x_wconf 88' lang='lat' dir='ltr'><strong>ornatis</strong></span> <span class='ocrx_word' id='word_1_170' title='bbox 516 2587 625 2657; x_wconf 85' lang='lat' dir='ltr'><strong>Uraeis</strong></span> <span class='ocrx_word' id='word_1_171' title='bbox 637 2611 647 2667; x_wconf 92' lang='lat'>;</span> <span class='ocrx_word' id='word_1_172' title='bbox 681 2587 723 2655; x_wconf 84' lang='lat' dir='ltr'><strong>cl.</strong></span> <span class='ocrx_word' id='word_1_173' title='bbox 747 2609 777 2675; x_wconf 79' lang='lat' dir='ltr'><strong>r.</strong></span> <span class='ocrx_word' id='word_1_174' title='bbox 801 2609 831 2656; x_wconf 90' lang='lat' dir='ltr'><strong>c.</strong></span> <span class='ocrx_word' id='word_1_175' title='bbox 855 2585 983 2655; x_wconf 88' lang='lat' dir='ltr'><strong>Osiridis</strong></span> <span class='ocrx_word' id='word_1_176' title='bbox 1005 2587 1113 2678; x_wconf 87' lang='lat' dir='ltr'><strong>capitis</strong></span> <span class='ocrx_word' id='word_1_177' title='bbox 1135 2587 1220 2678; x_wconf 85' lang='lat' dir='ltr'><strong>tegi-</strong></span> 
     </span>
     <span class='ocr_line' id='line_1_22' title="bbox 169 2700 528 2786; baseline 0.008 -20"><span class='ocrx_word' id='word_1_178' title='bbox 169 2712 327 2782; x_wconf 88' lang='lat' dir='ltr'><strong>mentum,</strong></span> <span class='ocrx_word' id='word_1_179' title='bbox 349 2700 471 2786; x_wconf 76' lang='lat' dir='ltr'><strong>tal).‘n.</strong></span> <span class='ocrx_word' id='word_1_180' title='bbox 496 2703 528 2770; x_wconf 86' lang='lat'><strong>3.</strong></span> 
     </span>
     <span class='ocr_line' id='line_1_23' title="bbox 213 2811 1219 2902; baseline 0.002 -24"><span class='ocrx_word' id='word_1_181' title='bbox 213 2812 315 2895; x_wconf 77' lang='grc' dir='ltr'><strong><em>ἐπειδὴ</em></strong></span> <span class='ocrx_word' id='word_1_182' title='bbox 341 2815 434 2898; x_wconf 80' lang='grc' dir='ltr'><strong><em>τριῶν</em></strong></span> <span class='ocrx_word' id='word_1_183' title='bbox 463 2814 562 2892; x_wconf 76' lang='grc' dir='ltr'><strong><em>γενῶν</em></strong></span> <span class='ocrx_word' id='word_1_184' title='bbox 587 2811 686 2902; x_wconf 65' lang='lat' dir='ltr'><strong>detor</strong></span> <span class='ocrx_word' id='word_1_185' title='bbox 709 2813 926 2898; x_wconf 73' lang='grc' dir='ltr'><strong><em>καθεστώτων]</em></strong></span> <span class='ocrx_word' id='word_1_186' title='bbox 963 2812 1013 2880; x_wconf 81' lang='lat' dir='ltr'><strong>De</strong></span> <span class='ocrx_word' id='word_1_187' title='bbox 1034 2812 1126 2880; x_wconf 73' lang='lat' dir='ltr'><strong>uariis</strong></span> <span class='ocrx_word' id='word_1_188' title='bbox 1151 2835 1219 2880; x_wconf 82' lang='lat' dir='ltr'><strong>ser-</strong></span> 
     </span>
     <span class='ocr_line' id='line_1_24' title="bbox 144 2902 1218 3014; baseline 0.002 -24"><span class='ocrx_word' id='word_1_189' title='bbox 144 2902 319 3014; x_wconf 83' lang='lat' dir='ltr'><strong>pentium</strong></span> <span class='ocrx_word' id='word_1_190' title='bbox 335 2923 496 3014; x_wconf 88' lang='lat' dir='ltr'><strong>generibus</strong></span> <span class='ocrx_word' id='word_1_191' title='bbox 522 2921 574 2993; x_wconf 86' lang='lat' dir='ltr'><strong>cff.</strong></span> <span class='ocrx_word' id='word_1_192' title='bbox 602 2921 719 2988; x_wconf 88' lang='lat' dir='ltr'><strong>Plinius</strong></span> <span class='ocrx_word' id='word_1_193' title='bbox 744 2921 839 2993; x_wconf 80' lang='lat' dir='ltr'><strong>Hist.</strong></span> <span class='ocrx_word' id='word_1_194' title='bbox 866 2921 947 2992; x_wconf 83' lang='lat' dir='ltr'><strong>Nat.</strong></span> <span class='ocrx_word' id='word_1_195' title='bbox 975 2922 1095 2993; x_wconf 85' lang='lat' dir='ltr'><strong>XXIII.</strong></span> <span class='ocrx_word' id='word_1_196' title='bbox 1123 2929 1162 3006; x_wconf 88' lang='lat'><strong>8,</strong></span> <span class='ocrx_word' id='word_1_197' title='bbox 1187 2939 1218 2992; x_wconf 90' lang='lat' dir='ltr'><strong>et</strong></span> 
     </span>
     <span class='ocr_line' id='line_1_25' title="bbox 167 3032 1219 3126; baseline 0.004 -26"><span class='ocrx_word' id='word_1_198' title='bbox 167 3036 299 3126; x_wconf 84' lang='lat' dir='ltr'><strong>reliqui,</strong></span> <span class='ocrx_word' id='word_1_199' title='bbox 327 3060 403 3126; x_wconf 89' lang='lat' dir='ltr'><strong>quos</strong></span> <span class='ocrx_word' id='word_1_200' title='bbox 430 3057 520 3125; x_wconf 87' lang='lat' dir='ltr'><strong>supra</strong></span> <span class='ocrx_word' id='word_1_201' title='bbox 546 3032 752 3116; x_wconf 76' lang='lat' dir='ltr'><strong>laudavimus3</strong></span> <span class='ocrx_word' id='word_1_202' title='bbox 780 3035 892 3124; x_wconf 83' lang='lat' dir='ltr'><strong>quibus</strong></span> <span class='ocrx_word' id='word_1_203' title='bbox 921 3032 1052 3102; x_wconf 85' lang='lat' dir='ltr'><strong>addatur</strong></span> <span class='ocrx_word' id='word_1_204' title='bbox 1074 3035 1219 3104; x_wconf 73' lang='lat' dir='ltr'><strong>Aelianus</strong></span> 
     </span>
     <span class='ocr_line' id='line_1_26' title="bbox 166 3138 1218 3238; baseline 0.002 -26"><span class='ocrx_word' id='word_1_205' title='bbox 166 3145 209 3212; x_wconf 84' lang='lat' dir='ltr'><strong>de</strong></span> <span class='ocrx_word' id='word_1_206' title='bbox 224 3138 336 3218; x_wconf 74' lang='lat' dir='ltr'><strong>Ans&#39;m.</strong></span> <span class='ocrx_word' id='word_1_207' title='bbox 364 3145 448 3238; x_wconf 63' lang='lat' dir='ltr'><strong>Nat,</strong></span> <span class='ocrx_word' id='word_1_208' title='bbox 473 3145 516 3215; x_wconf 85' lang='lat' dir='ltr'><strong>X.</strong></span> <span class='ocrx_word' id='word_1_209' title='bbox 540 3149 595 3214; x_wconf 90' lang='lat'><strong>31.</strong></span> <span class='ocrx_word' id='word_1_210' title='bbox 625 3147 680 3236; x_wconf 90' lang='lat' dir='ltr'><strong>qui</strong></span> <span class='ocrx_word' id='word_1_211' title='bbox 706 3145 783 3230; x_wconf 84' lang='lat' dir='ltr'><strong>dicit</strong></span> <span class='ocrx_word' id='word_1_212' title='bbox 807 3147 840 3226; x_wconf 88' lang='lat' dir='ltr'><strong>in</strong></span> <span class='ocrx_word' id='word_1_213' title='bbox 868 3149 907 3213; x_wconf 84' lang='lat'><strong>17</strong></span> <span class='ocrx_word' id='word_1_214' title='bbox 936 3147 1051 3236; x_wconf 88' lang='lat' dir='ltr'><strong>species</strong></span> <span class='ocrx_word' id='word_1_215' title='bbox 1076 3148 1218 3237; x_wconf 87' lang='lat' dir='ltr'><strong>aspidum</strong></span> 
     </span>
     <span class='ocr_line' id='line_1_27' title="bbox 134 3257 1218 3351; baseline 0.004 -29"><span class='ocrx_word' id='word_1_216' title='bbox 134 3343 152 3351; x_wconf 58' lang='lat'>„</span> <span class='ocrx_word' id='word_1_217' title='bbox 166 3279 262 3346; x_wconf 91' lang='lat' dir='ltr'><strong>genus</strong></span> <span class='ocrx_word' id='word_1_218' title='bbox 278 3257 412 3324; x_wconf 84' lang='lat' dir='ltr'><strong>dicisum</strong></span> <span class='ocrx_word' id='word_1_219' title='bbox 429 3257 522 3324; x_wconf 85' lang='lat' dir='ltr'><strong>fuisse</strong></span> <span class='ocrx_word' id='word_1_220' title='bbox 540 3258 580 3324; x_wconf 93' lang='lat' dir='ltr'><strong>ab</strong></span> <span class='ocrx_word' id='word_1_221' title='bbox 599 3257 777 3347; x_wconf 72' lang='lat' dir='ltr'><strong>Aegyptiis:</strong></span> <span class='ocrx_word' id='word_1_222' title='bbox 802 3257 906 3347; x_wconf 85' lang='lat' dir='ltr'><strong>itaque</strong></span> <span class='ocrx_word' id='word_1_223' title='bbox 930 3257 990 3324; x_wconf 92' lang='lat' dir='ltr'><strong>hoc</strong></span> <span class='ocrx_word' id='word_1_224' title='bbox 1014 3259 1083 3325; x_wconf 93' lang='lat' dir='ltr'><strong>loco</strong></span> <span class='ocrx_word' id='word_1_225' title='bbox 1102 3258 1141 3324; x_wconf 91' lang='lat' dir='ltr'><strong>de</strong></span> <span class='ocrx_word' id='word_1_226' title='bbox 1158 3260 1218 3328; x_wconf 83' lang='lat' dir='ltr'><strong>alia</strong></span> 
     </span>
     <span class='ocr_line' id='line_1_28' title="bbox 166 3368 1218 3464; baseline 0.003 -30"><span class='ocrx_word' id='word_1_227' title='bbox 166 3369 277 3457; x_wconf 87' lang='lat' dir='ltr'><strong>majori</strong></span> <span class='ocrx_word' id='word_1_228' title='bbox 294 3368 443 3436; x_wconf 83' lang='lat' dir='ltr'><strong>diuisione</strong></span> <span class='ocrx_word' id='word_1_229' title='bbox 460 3382 507 3437; x_wconf 87' lang='lat' dir='ltr'><strong>est</strong></span> <span class='ocrx_word' id='word_1_230' title='bbox 529 3368 736 3460; x_wconf 88' lang='lat' dir='ltr'><strong>cogitandum.</strong></span> <span class='ocrx_word' id='word_1_231' title='bbox 782 3369 928 3464; x_wconf 63' lang='lat' dir='ltr'><strong>Aegyptii</strong></span> <span class='ocrx_word' id='word_1_232' title='bbox 949 3382 1062 3436; x_wconf 82' lang='lat' dir='ltr'><strong>noumt</strong></span> <span class='ocrx_word' id='word_1_233' title='bbox 1089 3391 1218 3461; x_wconf 90' lang='lat' dir='ltr'><strong>serpen-</strong></span> 
     </span>
     <span class='ocr_line' id='line_1_29' title="bbox 167 3473 1218 3572; baseline 0.001 -23"><span class='ocrx_word' id='word_1_234' title='bbox 167 3494 212 3549; x_wconf 87' lang='lat' dir='ltr'><strong>tes</strong></span> <span class='ocrx_word' id='word_1_235' title='bbox 228 3480 355 3563; x_wconf 78' lang='lat' dir='ltr'><strong>olctos&#39;,</strong></span> <span class='ocrx_word' id='word_1_236' title='bbox 381 3481 510 3568; x_wconf 86' lang='lat' dir='ltr'><strong>(Herod.</strong></span> <span class='ocrx_word' id='word_1_237' title='bbox 531 3473 576 3550; x_wconf 91' lang='lat' dir='ltr'><strong>ll.</strong></span> <span class='ocrx_word' id='word_1_238' title='bbox 597 3486 652 3550; x_wconf 84' lang='lat'><strong>75.</strong></span> <span class='ocrx_word' id='word_1_239' title='bbox 678 3493 782 3548; x_wconf 88' lang='lat' dir='ltr'><strong>narrat</strong></span> <span class='ocrx_word' id='word_1_240' title='bbox 793 3481 859 3546; x_wconf 79' lang='lat' dir='ltr'><strong>&#39;sibi</strong></span> <span class='ocrx_word' id='word_1_241' title='bbox 877 3480 968 3548; x_wconf 90' lang='lat' dir='ltr'><strong>fuisse</strong></span> <span class='ocrx_word' id='word_1_242' title='bbox 985 3482 1116 3548; x_wconf 89' lang='lat' dir='ltr'><strong>relatum</strong></span> <span class='ocrx_word' id='word_1_243' title='bbox 1134 3505 1218 3572; x_wconf 90' lang='lat' dir='ltr'><strong>quo-</strong></span> 
     </span>
     <span class='ocr_line' id='line_1_30' title="bbox 166 3576 1218 3682; baseline 0 -22"><span class='ocrx_word' id='word_1_244' title='bbox 166 3592 287 3672; x_wconf 84' lang='lat' dir='ltr'><strong>tannis,</strong></span> <span class='ocrx_word' id='word_1_245' title='bbox 310 3591 479 3682; x_wconf 89' lang='lat' dir='ltr'><strong>incipiente</strong></span> <span class='ocrx_word' id='word_1_246' title='bbox 495 3615 587 3674; x_wconf 81' lang='lat' dir='ltr'><strong>rere,</strong></span> <span class='ocrx_word' id='word_1_247' title='bbox 610 3595 705 3660; x_wconf 89' lang='lat' dir='ltr'><strong>alatos</strong></span> <span class='ocrx_word' id='word_1_248' title='bbox 721 3605 873 3682; x_wconf 86' lang='lat' dir='ltr'><strong>serpentes</strong></span> <span class='ocrx_word' id='word_1_249' title='bbox 879 3576 925 3660; x_wconf 50' lang='lat' dir='ltr'><strong>Xex</strong></span> <span class='ocrx_word' id='word_1_250' title='bbox 942 3592 1058 3661; x_wconf 74' lang='lat' dir='ltr'><strong>Arabia</strong></span> <span class='ocrx_word' id='word_1_251' title='bbox 1076 3591 1218 3660; x_wconf 81' lang='lat' dir='ltr'><strong>aduolare</strong></span> 
     </span>
     <span class='ocr_line' id='line_1_31' title="bbox 168 3703 1216 3794; baseline -0.001 -24"><span class='ocrx_word' id='word_1_252' title='bbox 168 3705 201 3771; x_wconf 90' lang='lat' dir='ltr'><strong>in</strong></span> <span class='ocrx_word' id='word_1_253' title='bbox 228 3705 424 3794; x_wconf 71' lang='lat' dir='ltr'><strong>Aegyptum,</strong></span> <span class='ocrx_word' id='word_1_254' title='bbox 447 3703 500 3771; x_wconf 91' lang='lat' dir='ltr'><strong>sed</strong></span> <span class='ocrx_word' id='word_1_255' title='bbox 526 3707 566 3772; x_wconf 89' lang='lat' dir='ltr'><strong>ab</strong></span> <span class='ocrx_word' id='word_1_256' title='bbox 588 3705 696 3773; x_wconf 89' lang='lat' dir='ltr'><strong>Ibibus</strong></span> <span class='ocrx_word' id='word_1_257' title='bbox 723 3727 773 3771; x_wconf 91' lang='lat' dir='ltr'><strong>eos</strong></span> <span class='ocrx_word' id='word_1_258' title='bbox 791 3703 952 3794; x_wconf 80' lang='lat' dir='ltr'><strong>prohiberi</strong></span> <span class='ocrx_word' id='word_1_259' title='bbox 969 3717 1061 3794; x_wconf 91' lang='lat' dir='ltr'><strong>atque</strong></span> <span class='ocrx_word' id='word_1_260' title='bbox 1080 3703 1216 3792; x_wconf 89' lang='lat' dir='ltr'><strong>occidi),</strong></span> 
     </span>
     <span class='ocr_line' id='line_1_32' title="bbox 167 3817 1216 3909; baseline 0.003 -28"><span class='ocrx_word' id='word_1_261' title='bbox 167 3817 235 3883; x_wconf 87' lang='lat' dir='ltr'><strong>noti</strong></span> <span class='ocrx_word' id='word_1_262' title='bbox 261 3818 384 3884; x_wconf 85' lang='lat' dir='ltr'><strong>fuerunt</strong></span> <span class='ocrx_word' id='word_1_263' title='bbox 406 3832 437 3885; x_wconf 89' lang='lat' dir='ltr'><strong>et</strong></span> <span class='ocrx_word' id='word_1_264' title='bbox 460 3831 615 3908; x_wconf 88' lang='lat' dir='ltr'><strong>serpentes</strong></span> <span class='ocrx_word' id='word_1_265' title='bbox 632 3819 817 3909; x_wconf 81' lang='lat' dir='ltr'><strong>aquatiles,</strong></span> <span class='ocrx_word' id='word_1_266' title='bbox 840 3829 871 3882; x_wconf 89' lang='lat' dir='ltr'><strong>et</strong></span> <span class='ocrx_word' id='word_1_267' title='bbox 893 3824 1068 3882; x_wconf 84' lang='lat' dir='ltr'><strong>terrestres</strong></span> <span class='ocrx_word' id='word_1_268' title='bbox 1086 3817 1134 3906; x_wconf 89' lang='lat' dir='ltr'><strong>(ut</strong></span> <span class='ocrx_word' id='word_1_269' title='bbox 1156 3817 1216 3884; x_wconf 86' lang='lat' dir='ltr'><strong>bc-</strong></span> 
     </span>
     <span class='ocr_line' id='line_1_33' title="bbox 144 3927 1212 4020; baseline 0.004 -27"><span class='ocrx_word' id='word_1_270' title='bbox 144 3928 282 4010; x_wconf 66' lang='lat' dir='ltr'><strong>,srlisci,</strong></span> <span class='ocrx_word' id='word_1_271' title='bbox 306 3942 437 3998; x_wconf 84' lang='lat' dir='ltr'><strong>cerastae</strong></span> <span class='ocrx_word' id='word_1_272' title='bbox 456 3929 602 4020; x_wconf 86' lang='lat' dir='ltr'><strong>aliique);</strong></span> <span class='ocrx_word' id='word_1_273' title='bbox 629 3929 683 3998; x_wconf 89' lang='lat' dir='ltr'><strong>sed</strong></span> <span class='ocrx_word' id='word_1_274' title='bbox 699 3941 782 3998; x_wconf 87' lang='lat' dir='ltr'><strong>recte</strong></span> <span class='ocrx_word' id='word_1_275' title='bbox 799 3928 917 3996; x_wconf 80' lang='lat' dir='ltr'><strong>Pierius</strong></span> <span class='ocrx_word' id='word_1_276' title='bbox 935 3929 969 3998; x_wconf 90' lang='lat' dir='ltr'><strong>iu</strong></span> <span class='ocrx_word' id='word_1_277' title='bbox 992 3927 1063 3996; x_wconf 87' lang='lat' dir='ltr'><strong>adn.</strong></span> <span class='ocrx_word' id='word_1_278' title='bbox 1085 3928 1125 3998; x_wconf 88' lang='lat' dir='ltr'><strong>cd</strong></span> <span class='ocrx_word' id='word_1_279' title='bbox 1141 3929 1173 3998; x_wconf 87' lang='lat' dir='ltr'><strong>h.</strong></span> <span class='ocrx_word' id='word_1_280' title='bbox 1190 3932 1212 3998; x_wconf 93' lang='lat' dir='ltr'><strong>l.</strong></span> 
     </span>
    </p>
   </div>
   <div class='ocr_carea' id='block_1_9' title="bbox 0 0 1430 4864">
    <p class='ocr_par' dir='ltr' id='par_1_9' title="bbox 0 0 1430 4864">
     <span class='ocr_line' id='line_1_34' title="bbox 0 0 1430 4864; baseline 0 4"><span class='ocrx_word' id='word_1_281' title='bbox 0 0 1430 4864; x_wconf 95' lang='lat' dir='ltr'><strong> </strong></span> 
     </span>
    </p>
   </div>
  </div>
 </body>
</html>
