2832 4876
289 319 818 393 nontaomlalsfflaaoot.
867 322 896 393 l.
919 328 972 392 37.
998 328 1051 390 38.
1078 380 1080 390 .
1143 328 1206 392 249

204 506 381 596 Secundum
400 523 549 613 Klaproth
568 522 628 614 op.
649 525 702 592 eit.
726 526 787 614 Ep.
808 525 835 592 1.
859 549 928 614 pag.
949 529 1004 594 22.
1029 523 1204 604 doctriua,

156 641 397 730 intelligentia,
430 641 571 702 seientia
595 633 723 725 Coptica
760 661 879 705 neser
902 651 933 704 et
956 632 1062 719 uror,
1087 637 1208 702 coelata

159 757 343 834 οιὼοοσι,
368 761 398 815 et
416 749 617 829 humectare,
639 747 751 814 eadem
763 749 870 838 lingna·
885 767 991 841 nona
1006 747 1054 814 vel
1070 767 1203 842 norat)
1240 833 1254 852 .

157 861 317 943 dicuntur3
344 885 476 951 quorum
502 864 666 929 verborum
690 862 827 928 omnium
851 861 951 950 prima
975 861 1064 926 litera
1091 873 1136 926 est
1161 885 1203 947 st,

155 995 285 1063 eamque
301 997 403 1040 reram
421 975 511 1066 hujus
529 975 755 1066 hieroglyphioi
776 975 1007 1066 significationis
1026 996 1088 1042 esse
1111 973 1206 1062 expli-

153 1087 315 1156 cationem.
357 1087 529 1180 Champoil.
548 1090 582 1154 in
604 1089 774 1170 Cottonara,
799 1111 893 1178 quam
915 1081 1125 1165 laudavimus,
1142 1085 1206 1160 ab·

12 1273 13 1280 ¹
147 1196 220 1286 jicit
240 1201 274 1264 in
291 1223 367 1267 voce
390 1208 575 1284 οιῲκονι,
601 1202 749 1290 syllabam
770 1201 907 1291 priorem
931 1227 988 1280 ru,
1012 1221 1074 1266 esse
1092 1197 1205 1263 articu-
1323 1284 1332 1299 -.

152 1297 218 1377 lum
234 1315 396 1404 pluralem,
412 1315 517 1405 itaque
530 1337 626 1404 σοοοι
642 1327 798 1381 remaneat
820 1321 969 1397 ᾡκοοι,
1002 1312 1034 1376 in
1062 1307 1205 1398 singulari
1260 1298 1263 1313 '
1301 1392 1313 1412 .‚

64 1465 66 1472 ·
154 1429 228 1506 Φο,
253 1427 316 1513 ejus
338 1425 418 1492 vocis
436 1428 568 1516 primam
587 1428 708 1493 literam
727 1449 789 1492 esse
812 1429 854 1510 ψ.
901 1423 1091 1492 Sententiam
1120 1443 1205 1488 suam

152 1532 426 1632 iterum-defendit
450 1537 601 1627 Klaproth
623 1539 682 1630 Ep.
707 1538 751 1606 ll.
776 1561 846 1627 pag.
873 1542 936 1618 38,
962 1541 1015 1606 39.

550 1779 654 1826 CAPUT
677 1779 811 1826 XXXVIII.
845 1785 853 1796 '

192 1984 355 2062 Αἰγύπτια
385 1984 418 2049 δὲ
448 1983 622 2068 γράμματα]
661 1969 773 2072 ΙΒορῐο
800 2004 858 2072 cap
889 1985 940 2051 14.
965 1985 1032 2072 jam
1060 1981 1205 2048 docuerat

149 2076 318 2190 llorapollo
347 2096 524 2159 literanum
549 2093 817 2184 hieroglyphioum
846 2117 909 2160 esse
934 2115 1057 2184 quoque
1075 2115 1204 2181 cynoce-

142 2205 296 2294 phalam.

149 2373 154 2382 .
193 2317 245 2382 διὰ
264 2321 299 2383 τό
318 2327 435 2394 τούτοις
453 2325 556 2387 πάντα
573 2320 646 2406 παρ’
666 2322 853 2401 Αἰγυπτίοις
870 2325 910 2386 τὰ
927 2325 1100 2407 γραφόμενα
1121 2322 1205 2384 ἐκτε-

146 2428 282 2514 λεῖσθαι]
320 2428 379 2495 >De
407 2411 502 2497 Paria
530 2444 614 2498 reete
638 2432 808 2528 observarit
827 2441 943 2507 aaaron
959 2431 1113 2525 pertinere
1131 2441 1200 2496 tan-

145 2552 215 2627 tum
237 2538 276 2604 ad
300 2541 399 2622 μέλαν
418 2555 448 2608 et
467 2545 619 2630 σχοίνιον,
643 2566 705 2610 non
725 2541 854 2610 vero‘ad
871 2549 1019 2612 κόσκινον.
1066 2543 1203 2609 Fortasse
1269 2579 1272 2590 ·

148 2649 223 2718 ordo
237 2653 401 2720 verborum
412 2654 640 2744 quodammodo
659 2669 703 2722 est
722 2656 935 2735 conturbatus;
948 2668 1040 2744 atque
1055 2655 1099 2722 ita
1114 2654 1203 2721 resti-

147 2763 294 2832 tuendus:
319 2771 470 2849 κόσκινον,
494 2772 545 2834 καὶ
570 2769 678 2852 μέλαν,
696 2773 756 2834 aul
779 2770 911 2855 σχοίνιον
931 2769 1145 2853 ζωγραφοῦσιν.
1158 2803 1204 2816 -

145 2877 195 2944 lta
213 2857 397 2944 atramento
415 2891 445 2944 et
455 2879 558 2966 jutt'oo
576 2893 611 2946 ut
629 2893 660 2945 et
679 2879 717 2944 de
736 2881 847 2946 tabula
868 2882 1070 2968 sorzjotore‘a,
1091 2877 1203 2966 quibus

146 2990 179 3054 in
205 2989 369 3056 scribendo
396 2992 560 3058 utebantur
588 2991 735 3082 Aegyptii
755 2991 803 3062 af.
837 2990 934 3058 Glem.
965 2990 1052 3058 Alex.
1076 2987 1200 3058 Strom.

145 3102 233 3183 loeo,
264 3125 358 3192 quem
383 3125 474 3194 supra
500 3093 710 3185 laudavimus,
736 3102 775 3168 ad
797 3127 866 3194 cap.
890 3107 942 3172 14.
967 3105 1037 3193 pag.
1059 3106 1135 3171 201.
1155 3141 1201 3154 -

148 3212 311 3282 Caeterum
332 3215 393 3282 hoe
417 3208 551 3306 quoque
564 3216 832 3306 hieroglyphienm
854 3215 1061 3289 monumentis
1085 3215 1200 3282 confir-

144 3328 223 3393 mari
248 3328 338 3395 dooet
368 3326 544 3420 Ghampoll.
568 3330 609 3395 de
632 3329 790 3422 Hierogl.
817 3330 857 3396 V
854 3338 895 3404 at.
914 3326 999 3421 Aeg.
1024 3328 1096 3420 pag.
1117 3332 1198 3408 339,

147 3443 224 3520 340,
244 3445 321 3522 348,
345 3446 421 3523 350,
441 3464 477 3508 er
496 3442 722 3534 Inscriptioae
740 3443 940 3524 Bosetana,
961 3443 993 3507 in
1013 3465 1074 3532 qua
1092 3447 1200 3531 sorap-

145 3559 225 3616 tura
247 3556 294 3619 rel
316 3557 439 3620 literae
463 3555 675 3644 exprimuntur
692 3579 748 3646 per
763 3559 963 3648 penicillum
980 3556 1029 3622 rol
1043 3555 1197 3643 jammam,
1261 3585 1267 3598 =

140 3665 285 3762 junctum
315 3670 445 3734 tabariae
476 3671 679 3759 saraptanae
712 3682 742 3736 et
773 3672 921 3748 οοσονὶο,
954 3667 987 3732 in
1015 3691 1076 3757 quo
1104 3677 1198 3733 atra-

143 3781 282 3842 mentum
308 3781 533 3849 continebatur.
583 3777 633 3850 cf.
661 3779 745 3850 idem
763 3781 796 3845 in
815 3781 902 3871 Erpl.
929 3780 1006 3849 Tab.
1034 3780 1098 3848 tab.
1126 3761 1194 3868 gen.

131 3889 189 3958 'n⁰.
212 3881 431 3962 310-31o.'et
454 3894 487 3958 in
514 3893 636 3962 Patttlr.
657 3893 742 3986 Aeg.
762 3892 802 3958 ad
820 3894 883 3963 tab.
905 3899 958 3962 30.
981 3890 1018 3962 C.
1039 3891 1112 3960 vid.
1131 3890 1196 3956 tab.

143 4015 237 4072 nostr.
261 4008 313 4074 46.
334 4031 366 4096 a.
397 4011 449 4076 46.
472 4009 499 4076 ὂ.
547 4007 662 4075 Iisdem
687 4030 809 4098 quoque
834 4007 924 4097 signis
949 4006 1198 4093 ἱερογραμματεύς
