2832 4876
206 331 270 398 228
376 399 378 406 ,
411 370 414 378 ·
586 329 828 402 tortorlrto
853 347 896 400 ln

204 555 259 598 τον
280 535 511 619 ποταμόχωστον
534 529 626 601 οὖσαν
651 539 702 600 καὶ
728 543 862 622 χαάνην,
881 518 933 598 Ιἔτι
959 532 992 598 dd
1015 531 1180 618 τασσηρώδη
1199 538 1261 618 τὴν

204 651 312 726 odota,
336 647 472 729 ῥαγάδας
494 671 526 710 τε
547 645 679 729 μεγάλας
701 651 753 711 καὶ
777 647 923 730 διηνεκεῖς
944 645 1036 729 ἔχειν·
1059 645 1110 710 tao
1133 645 1167 711 δέ
1188 652 1264 712 τσά··

202 779 264 822 των
282 739 324 832 ric
354 761 464 838 ἑαυτὴν
487 755 717 844 ἀναλαμβάνειν
738 759 829 840 alypon
855 754 983 837 aalide?
1016 757 1069 840 ηαὶ
1096 760 1175 821 κατὰ
1201 759 1262 838 μὲν

203 871 261 948 τὴν
284 871 452 952 χειμερινὴν
474 867 557 952 ὥραν
580 870 717 954 συνέχειν
741 872 774 933 ἐν
797 873 890 952 ἑαυτῇ
913 875 1021 947 τοῦτο,
1044 852 1123 931 adad
1145 868 1178 932 dd
1206 871 1266 948 τὴν

203 983 348 1062 θερινὴν,
372 977 469 1064 ὥςπερ
488 980 616 1063 ἱδρῶτας
634 984 720 1053 τινὰς
741 981 772 1054 ἐξ
794 980 888 1060 αὐτῆς
908 983 1106 1064 πανταχόθεν
1122 977 1264 1058 ἀνιέναι,

111 1168 114 1174 ,
203 1091 256 1153 καὶ
280 1089 468 1156 derivativam
492 1090 625 1174 πληροῦν
652 1094 706 1156 τὸν
734 1095 883 1173 ποταμόν.
930 1086 1013 1156 ldd.
1040 1071 1198 1156 Plutarch.
1222 1087 1266 1153 do
1298 1085 1302 1094 ’

205 1197 301 1267 Ploc.
326 1197 457 1267 Plaz'loa.
482 1201 520 1268 L.
545 1201 602 1268 lv.
627 1193 695 1290 'cap
725 1201 753 1269 1.
778 1225 848 1291 pag.
875 1205 952 1269 898.
975 1201 1014 1268 B.
1142 1211 1144 1218 '

240 1311 341 1397 ἕτερον
362 1315 394 1378 δὲ
405 1361 415 1392 ,
433 1315 508 1398 ὑπὲρ
530 1323 581 1378 τοῦ
605 1313 767 1399 Ὠκεανοῦ]
804 1311 921 1380 Herod.
940 1312 984 1379 l'l.
1005 1315 1104 1396 ‘31:²2‘
1125 1311 1154 1379 δ’
1177 1309 1263 1397 ἑτέρη

207 1425 263 1513 [sc.
282 1421 363 1510 ὁδὸς]
388 1427 694 1518 ἀνεπιστημονεστέρη
715 1426 773 1506 μέν
799 1429 859 1512 ἐστι
886 1461 932 1475 —-
958 1433 977 1509 ή
1008 1425 1088 1505 λέγει
1115 1425 1177 1488 ἀπὸ
1209 1425 1261 1488 τοῦ

201 1537 350 1604 Ὠκεανοῦ
375 1538 483 1622 ῥέοντα
504 1540 597 1605 αὐτὸν
619 1543 716 1602 ταῦτα
737 1543 954 1622 μηχανᾶσθαι,
977 1541 1032 1604 τάν
1055 1535 1084 1602 d’
1111 1534 1262 1602 Ὠκεανὸν

203 1655 262 1732 γῆν
288 1649 356 1733 περὶ
378 1655 480 1714 πᾶσαν
507 1646 596 1754 (itast.
643 1645 799 1714 Plutarch.
821 1648 843 1715 l.
865 1669 893 1714 c.
912 1647 994 1713 hanc
1010 1646 1194 1713 sententiam
1210 1667 1261 1710 re·

204 1758 263 1824 fert
286 1757 326 1823 ad
348 1749 577 1847 Eutdymenem
599 1759 828 1832 Massiliensem.
886 1801 891 1810 ·

176 1899 180 1914 ·
246 1873 350 1955 τρίτον
372 1872 405 1937 δὲ
428 1875 504 1955 ὑπὲρ
525 1877 587 1939 τῶν
612 1871 744 1960 ὄμβρων]
801 1873 877 1939 Erat
899 1871 977 1938 haee
1001 1873 1150 1938 sententia
1170 1871 1262 1960 Ληα-
1291 1857 1295 1868 “

201 1981 373 2065 tlrarchidis
401 1982 518 2050 Gnidii.
577 1981 638 2051 of:
656 1982 749 2051 Diod:
778 1981 842 2052 Sic.
871 1985 898 2052 Ι.
927 2007 996 2076 cap.
1026 1988 1080 2064 41,
1107 2005 1176 2074 pag.
1202 1986 1258 2050 50.

203 2094 316 2162 Strabo
328 2095 434 2186 (quem
450 2095 490 2160 ad
504 2095 587 2162 hunc
601 2095 705 2161 locum
716 2096 851 2163 laudarit
860 2095 1006 2185 Wessel.)
1024 2097 1145 2188 Geogr.
1157 2087 1258 2161 XVlli

200 2231 270 2297 pag.
293 2209 390 2276 1138.
410 2221 513 2273 narrat
532 2208 589 2273 sub
607 2208 789 2273 Ptolemaeis
807 2208 841 2273 id
858 2231 893 2273 re
910 2209 976 2298 ipsa
994 2209 1086 2273 fuisse
1103 2206 1260 2295 cognitum

200 2329 293 2404 atque
321 2319 511 2405 exploratum
540 2319 717 2407 Aegyptiis3
749 2318 834 2383 idem
856 2309 960 2383 irarrat
984 2317 1204 2384 Eratosthenes
1228 2317 1261 2381 in

199 2427 300 2494 Procli
324 2427 497 2494 Commeat.
519 2432 555 2492 in
573 2429 667 2497 Ptat.
691 2429 723 2494 T
720 2434 858 2494 imacrtm
875 2447 951 2517 pag.
968 2435 1028 2521 37.
1057 2425 1114 2494 off.
1135 2449 1261 2516 quoque

198 2537 326 2604 Photius
344 2538 433 2605 Bitt.
449 2537 510 2605 Gr.
532 2535 610 2605 God.
630 2537 690 2606 ill.
712 2541 770 2607 col.
793 2545 824 2606 8.
845 2537 1028 2604 Heliodorus
1037 2535 1192 2628 Aethiop.
1213 2539 1261 2608 Il.

199 2673 270 2739 pag.
301 2653 378 2720 109.
405 2653 478 2717 110.
505 2674 580 2739 quos
602 2647 737 2716 laudarit
765 2649 937 2740 Ghampoll.
964 2651 997 2716 in
1021 2649 1082 2740 op.
1109 2650 1150 2715 de
1171 2649 1258 2742 Aeg.

190 2763 256 2826 'arth
282 2760 516 2859 Pharaonidua
544 2761 613 2829 Vol.
642 2761 669 2830 l.
699 2785 769 2853 pag.
803 2767 878 2831 126.
907 2776 972 2830 not.
1005 2769 1036 2830 3.
1094 2761 1259 2829 Caeterum

199 2874 275 2940 alias
300 2887 423 2965 quoque
445 2873 582 2941 fluminis
604 2875 788 2942 inerementi
812 2878 945 2942 rationes
968 2874 1106 2942 adtulare
1123 2889 1256 2954 veteres,

199 2986 327 3067 Thales,
352 2987 561 3077 Anaxagoras,
586 2986 768 3076 Euripides,
793 2990 988 3055 Democritus
1012 2987 1162 3054 Abderita
1184 2985 1257 3051 alii-

200 3119 279 3186 que,
305 3121 435 3187 quorum
454 3100 613 3188 opiniones
630 3098 700 3164 ride
718 3100 801 3189 apud
819 3101 937 3168 Herod.
953 3100 998 3167 ΙΙ.
1018 3105 1072 3168 24.
1088 3105 1146 3167 251.
1162 3096 1256 3168 ltiod.

199 3207 263 3275 Sic.
283 3207 310 3278 l.
339 3233 407 3299 cap.
428 3215 483 3291 38,
510 3236 556 3301 sq.
579 3193 649 3301 pag.
673 3203 726 3279 46.
748 3209 894 3280 Wessel.
926 3212 1082 3280 Plutarch».
1102 3212 1141 3277 de
1159 3213 1256 3279 Ploe.

72 3379 73 3387 ,
198 3319 330 3389 Psilos.
351 3322 408 3402 IV,
431 3345 498 3413 cap.
521 3327 551 3392 1.
570 3347 640 3413 pag.
661 3328 736 3392 897.
758 3325 795 3393 P.
816 3325 950 3392 Plinium
962 3325 1150 3394 Haaltat.
1168 3321 1206 3392 V.
1222 3328 1256 3395 9.

199 3432 284 3501 med.
295 3435 404 3523 Pomp.
415 3435 527 3500 Melam
538 3437 564 3504 1.
581 3441 613 3504 9.
624 3436 773 3506 Senecam
782 3436 863 3506 Nat.
878 3435 1010 3524 (luceat.
1020 3436 1077 3506 lt.
1090 3435 1256 3506 turrim.

199 3545 311 3614 India.
329 3569 397 3637 cap.
409 3552 441 3615 6.
457 3547 602 3637 etipsum
613 3549 845 3639 Horapollinem
854 3550 933 3614 infra
941 3571 1010 3639 cap.
1021 3544 1076 3618 35.
1087 3547 1258 3615 -It'a'lum

199 3670 302 3723 autem
328 3659 453 3748 ejusque
483 3659 880 3728 fluminisssmondaauzem
896 3661 1060 3751 significari
1088 3662 1172 3752 apud
1189 3663 1258 3729 Ae-

199 3771 319 3861 gyptios
347 3790 403 3859 per
431 3775 504 3838 tria
527 3795 610 3838 oasa
636 3777 803 3863 aqatoria,
837 3795 855 3838 e
879 3776 1086 3853 monumentis
1110 3775 1256 3866 probavit

201 3881 373 3974 Ghampoll.
403 3881 436 3945 in
465 3881 526 3971 0p.
552 3884 592 3949 de
609 3885 766 3978 Hierogl.
790 3885 829 3950 V
827 3895 858 3950 et
877 3885 963 3978 Aeg.
983 3911 1053 3977 pag.
1074 3891 1150 3967 340,
1176 3891 1255 3954 350.

200 4008 231 4060 et
254 3995 319 4064 tab.
345 3975 417 4084 gen.
441 4015 473 4063 n.
500 3997 582 4075 241,
609 4001 698 4082 242„
732 3995 790 4068 Off.
810 3996 944 4068 idem‘in
963 3999 1085 4068 Ponat.
1108 3999 1195 4090 Aeg.
1213 3997 1255 4062 ad
