2804 4872
167 281 230 343 rsa
302 301 311 336 ι
532 267 774 341 luucrlrlo
798 254 874 338 ω’
942 272 944 280 ’

175 467 344 564 Δἰῐροιχμόις
364 475 397 542 δὲ
420 474 474 542 ‹tco
495 511 540 524 --
561 477 596 539 ai
615 472 668 544 tto
691 475 849 562 δραχμαί·]
900 471 981 559 Quid
1004 474 1064 540 sibi
1087 475 1217 542 voluerit

164 588 213 654 his
241 587 342 653 verbis
369 586 556 676 Horapcllo,
580 580 802 653 nonccnrenit
821 587 900 652 inter
920 585 1061 694 editores.
1110 584 1215 654 Gauss.

163 721 220 789 pro
239 701 374 788 δραχμὰς
391 695 559 789 legendum
578 711 693 787 putans
708 704 856 784 γραμμὰς,
871 698 909 763 iis
921 698 954 762 in
971 699 1218 788 crucisthguram

163 811 223 878 sibi
246 811 379 876 invicem
397 811 548 901 impositis
564 808 729 876 Monadem
747 811 809 876 sire
829 810 930 876 Ileum
947 808 1099 898 designari
1120 808 1215 890 diait;
1321 819 1322 824 ’
1386 785 1387 804 ¹

164 921 303 990 dissentit
329 922 369 987 ab
399 945 435 989 ec
464 923 503 988 de
530 922 646 1002 Paua,
669 923 723 1011 qui
750 920 827 987 haec
857 921 1028 990 adnotavit:
1059 921 1218 988 »Graeci
1298 992 1300 1000 s
1386 959 1387 972 κ

164 1059 186 1100 a>
195 1026 375 1100 drachmam
400 1057 461 1099 una
489 1030 621 1123 quadam
645 1034 727 1098 linea
745 1031 889 1099 ridentur
906 1045 1160 1124 repraesentasse;
1176 1045 1218 1099 ,et

49 1135 55 1148 ’
165 1171 187 1210 >>
197 1144 272 1211 duas
289 1143 450 1218 drachmas
463 1145 553 1212 lineis
568 1144 702 1214 duabus:
715 1144 782 1226 hae
798 1158 901 1212 autem
914 1145 997 1223 duae
1013 1146 1113 1212 lineae
1131 1156 1218 1210 erant

166 1269 270 1322 »nota
298 1257 424 1322 unitatis
451 1256 534 1346 apud
562 1257 747 1346 Aegyptias,
773 1257 813 1323 de
840 1281 901 1348 qua
920 1257 973 1332 hic
990 1258 1087 1344 rerba
1104 1256 1218 1322 faciens

164 1393 187 1434 »
197 1366 378 1457 Philippus,
403 1391 465 1434 uon
488 1369 690 1458 interpretem
710 1369 763 1436 sed
782 1369 1007 1460 periphrastem
1027 1370 1110 1460 egit,
1135 1381 1165 1435 et
1183 1382 1217 1434 ut

164 1479 322 1547 »Graecis
347 1480 409 1546 auis
435 1500 502 1544 reru
529 1481 690 1569 perspicue
709 1495 895 1569 exponeret,
919 1483 1038 1572 signum
1055 1482 1132 1548 illud
1149 1480 1219 1547 uni-

40 1671 42 1678 !
164 1616 186 1657 a
197 1592 267 1657 tatis
281 1591 401 1657 vocarit
419 1589 494 1656 duas
513 1588 690 1672 drachmas,
715 1613 882 1681 earumque
898 1594 1019 1660 lineolis
1037 1593 1161 1660 unitatis
1179 1592 1218 1659 li-

163 1703 299 1770 »neolas
327 1700 508 1792 designarit.
555 1701 608 1770 Sic
636 1725 741 1770 omnes
764 1704 977 1793 intelligebant
997 1706 1120 1785 statim,
1144 1703 1220 1794 quid

164 1840 186 1881 a
197 1815 372 1904 symbolum
393 1815 453 1880 sihi
470 1815 579 1896 uellet,
603 1828 634 1880 et
652 1813 733 1881 duae
751 1815 975 1906 Aegyptiorum
994 1816 1125 1884 lincolie
1143 1814 1219 1881 dua·
1242 1897 1247 1902 ι

164 1927 255 1993 »hus
274 1927 463 1994 Graecorrun
480 1927 601 1994 lineolis
619 1925 812 2016 designatae,
835 1949 896 1993 non
916 1941 1058 2018 poterant
1075 1930 1220 2018 cuiquam

25 2079 29 2094 ι
165 2061 214 2106 »e
233 2039 363 2106 Graecia
381 2061 446 2106 esse
464 2040 626 2130 ignotae.'’
674 2036 737 2106 Sed
754 2059 816 2106 non
832 2035 955 2106 ridetur
972 2040 1219 2108 animaduertisse

93 2213 102 2224 ,
164 2149 204 2216 de
222 2151 340 2232 Pauw,
363 2152 462 2218 multo
491 2151 660 2242 simplicius
685 2164 717 2217 et
738 2152 836 2241 magis
850 2152 1049 2240 perspicuum
1067 2154 1220 2219 facturum

164 2261 258 2326 inisse
274 2251 472 2352 scriptorem,
496 2264 522 2328 si
542 2263 622 2352 ipsas
640 2263 735 2328 lineas
752 2263 956 2341 nominasset,
976 2285 1068 2351 quam
1085 2265 1220 2334 alio'no·

163 2372 249 2437 mine
267 2373 316 2438 rel
335 2373 447 2438 aliare
472 2373 539 2438 illas
564 2349 741 2440 indicando.
760 2410 806 2423 -
822 2371 964 2440 Jomard.
987 2374 1022 2437 in
1039 2372 1218 2444 Animam.

165 2485 205 2550 cle
216 2481 343 2574 'Signia
364 2483 581 2550 Humerorum
597 2483 690 2570 apud
707 2481 747 2546 V
743 2490 784 2548 et.
804 2481 889 2572 Aeg.
910 2471 1029 2550 insertis
1047 2483 1218 2576 Bescn'pt.
1386 2519 1387 2528 κ

128 2609 130 2616 ·
166 2595 286 2688 Magn.
305 2594 390 2685 Aeg.
416 2594 512 2660 Temo
531 2593 588 2662 lx.
612 2597 759 2683 pap-84.
780 2592 856 2660 duas
874 2594 940 2662 illus
958 2595 1053 2662 lineas
1077 2597 1144 2684 (τὰς
1167 2599 1222 2665 dale
1259 2655 1263 2668 .
1386 2641 1387 2672 1

164 2707 316 2797 γραμμὰς)
332 2707 462 2798 explicat
478 2707 573 2772 latera
592 2705 653 2773 duo
670 2707 802 2772 lineolae
819 2720 920 2774 rectae
939 2709 1014 2802 (ll),
1039 2731 1100 2797 qua
1118 2707 1221 2775 unitas

167 2821 200 2886 in
222 2831 305 2887 sacra
324 2819 474 2910 scriptura
493 2815 632 2884 indicari·
643 2818 737 2900 sclet3
764 2817 816 2884 sed
835 2807 878 2886 ita
897 2817 1035 2887 nondum
1053 2819 1220 2909 explicatur

42 2977 50 2990 κ
168 2933 323 3022 quomoda
352 2927 513 2996 drachmas
544 2930 619 2996 duas
646 2928 784 2998 indicere
801 2932 949 3021 *potuerit
975 2933 1094 3013 vultur,
1121 2945 1219 3022 prop-

166 3059 250 3113 terea
273 3045 356 3136 quod
378 3045 478 3132 lineae
505 3041 583 3110 duae
607 3044 758 3110 unitatem
782 3045 967 3110 constituant
991 3044 1075 3134 apud
1092 3044 1220 3134 Aegyp-

168 3159 245 3240 ti0s3
275 3179 354 3249 quae
387 3155 550 3223 difficultas
576 3156 734 3222 tolleretur
760 3155 786 3221 si
811 3155 888 3220 libri
913 3156 1005 3226 MSS.
1029 3157 1146 3246 ubique
1164 3177 1221 3245 pro

168 3271 303 3360 δραχμὰς
319 3269 470 3336 haberent
487 3275 634 3354 γραμμάς.
667 3267 777 3356 ltaque
796 3290 867 3334 curn
885 3266 964 3337 ttod.
983 3269 1079 3338 Paris.
1099 3268 1139 3335 A.
1163 3288 1220 3357 pro

168 3387 203 3448 αἱ
222 3383 275 3450 dale
296 3386 448 3468 γραμμαὶ,
471 3378 634 3471 legendum
660 3379 783 3444 ridetur
804 3383 839 3444 ci
862 3382 916 3448 tta
938 3381 1087 3470 δραχμαὶ,
1117 3380 1160 3446 ita
1184 3391 1220 3446 ut

95 3547 102 3560 t
169 3517 271 3562 sensus
297 3495 353 3564 sit:
379 3493 483 3560 r'ultur
511 3491 662 3583 significat
689 3491 765 3558 duas
791 3489 972 3572 drachmas,
997 3473 1143 3581 quoniam
1161 3491 1221 3558 hae

167 3609 317 3674 unitatem
345 3606 428 3698 apud
447 3606 614 3697 Aegyptios
636 3605 838 3685 constituant3
864 3603 959 3670 veluti
985 3616 1089 3670 autem
1117 3604 1221 3671 vultur

170 3721 217 3789 sui
239 3720 357 3812 generis
380 3733 479 3786 mater
505 3731 570 3797 est,
604 3718 647 3785 sic
674 3731 705 3785 et
731 3718 830 3784 unitas
858 3717 996 3782 omnium
1021 3737 1221 3784 numerorum
1339 3801 1342 3810 ,
1386 3737 1387 3746 ¹

46 3855 50 3864 ·
169 3847 267 3904 mater
294 3848 388 3925 atque
416 3832 502 3922 origo
527 3831 679 3913 habetur;
704 3844 797 3921 atque
815 3843 888 3896 tune
911 3830 964 3898 dala
986 3830 1117 3917 δραχμαὶ
1138 3829 1220 3896 acci·

83 4024 84 4034 χ
170 3948 301 4040 piendae
328 3959 418 4016 erunt
447 3942 486 4012 de
513 3944 708 4012 didrachmo
725 3941 979 4024 Alexandrino,
1004 3942 1059 4032 qui
1077 3965 1221 4010 nummus
