2780 4876
265 291 574 404 nonsrounus
594 331 793 405 sunnon.
837 315 881 406 ιι.
907 345 961 410 οι.
984 346 1038 410 on.
1117 349 1181 413 ιιι

31 587 36 598 .
132 532 437 625 mo'vuuenpentis
451 537 686 625 perterrefactus
694 585 705 618 ,
730 533 801 604 n'ror
814 559 886 605 vero
902 538 944 605 ad
959 539 1097 608 odiosum
1112 545 1180 610 ani·

131 649 196 716 ma}
213 647 458 718 interficiendum
476 647 641 729 rediturus,
661 662 745 716 reete
763 651 934 738 symbolum
952 651 1060 720 haberi
1078 655 1179 745 potuit

132 760 267 828 hominis
292 759 589 841 inconsideratmt
618 762 683 827 sine
709 761 826 828 ratione
851 763 994 852 fugientis
1020 765 1182 834 inimicum

133 871 321 941 inferiorem.
351 869 515 939 Caeterum
531 871 570 938 de
584 895 673 940 cervo
687 887 840 965 serpentes
856 875 1014 942 occidente
1023 877 1179 948 Plutarch.

129 984 174 1050 de
201 983 323 1053 Solert.
348 983 463 1053 Λαίνα.
492 1007 561 1075 cap.
592 989 656 1066 24,
675 985 721 1053 in.
745 1009 815 1075 pag.
837 991 913 1055 976.
934 989 974 1055 l).
1007 989 1127 1070 ἐλάφοις
1148 991 1181 1055 δὲ

129 1099 213 1180 ὄφεις
232 1099 373 1182 ἀγόμενοι
399 1098 510 1183 ῥᾳδίως
530 1097 582 1163 ὑπ’
604 1100 719 1166 αὐτῶν·
747 1091 770 1184 ᾖ
794 1103 845 1164 καλ
867 1107 999 1183 τοῦνομα
1019 1103 1182 1184 πεποίηται

129 1212 333 1292 παρώνυμον,
356 1211 390 1275 οὐ
410 1217 463 1290 τῆς
482 1209 698 1294 ἐλαφρότητος,
722 1210 802 1275 ἀλλὰ
821 1218 874 1292 τῆς
892 1211 999 1288 ’ἕλξεως
1012 1219 1064 1277 τοῦ
1078 1215 1182 1294 ὄφιας.
1202 1199 1205 1208 ’

130 1318 240 1386 eedem
267 1318 361 1386 modo
387 1317 543 1410 Epiphun.
568 1319 618 1386 od
636 1320 831 1411 physiolog.
853 1343 921 1411 cap.
942 1328 972 1390 5.
997 1323 1108 1402 ἔλαφος
1131 1323 1182 1388 διὰ

127 1433 168 1497 νδ
182 1430 281 1500 tituto
300 1435 369 1507 τοδς
389 1435 471 1512 ὄφεις
492 1436 525 1497 ἐν
545 1443 596 1498 τοῦ
614 1437 741 1522 βάθους.
774 1433 893 1501 Aelian.
913 1435 953 1499 de
969 1433 1050 1502 Nat.
1066 1433 1180 1500 Aesim.

128 1541 174 1610 II.
198 1543 231 1611 9.
277 1541 512 1625 Ἔλαφοςῦφιν
534 1554 623 1628 νικᾷ,
646 1550 725 1609 ιιατά
745 1569 816 1612 τινα
833 1555 944 1627 φιλοιως
966 1547 1080 1630 διοριιλν
1099 1555 1180 1611 θαν-

126 1661 255 1740 μαστήν’
277 1657 329 1718 κοιλ
350 1655 411 1720 οὐκ.
427 1658 468 1721 ἂν
494 1655 588 1720 αὐτὸν
607 1654 751 1720 διαλάθοι
773 1659 806 1722 ἐν
833 1665 876 1740 τῷ
898 1657 1002 1740 φωλεῷ
1019 1657 1064 1723 ὢν
1088 1659 1107 1721 ὁ
1129 1657 1177 1742 dx-

127 1763 242 1841 διοτος.
275 1762 600 1842 tdd.t111.c,1x.
620 1767 675 1831 20.
709 1763 865 1854 Theophr.
884 1765 925 1830 de
945 1764 1044 1834 Caes.
1062 1765 1179 1836 Plu-nt.
1267 1789 1268 1792 ’

128 1873 186 1945 lv.
207 1879 259 1943 11.
305 1873 460 1942 Nicander
489 1873 642 1943 Theriac.
674 1897 717 1942 rs.
746 1876 820 1943 140.
868 1874 1002 1966 Oppian.
1025 1875 1180 1967 Cyneget.

128 1985 174 2055 11.
191 2010 236 2054 ιι.
257 1989 334 2054 aso.
367 1984 573 2056 νιιιιιιιῐ.
593 2009 638 2055 vs.
658 1990 735 2055 aco.
769 1983 1065 2056 rnnecomnvr.
1099 1989 1182 2054 eoo
1238 2017 1240 2020 -
1380 1961 1385 1982 '

134 2119 210 2187 pon.
228 2095 365 2166 xlm.
383 2101 415 2166 3.
451 2095 695 2187 GlycasAamal.
714 2119 784 2187 pag.
807 2102 859 2168 47.
882 2099 922 2166 l).
942 2111 973 2164 et
985 2120 1055 2187 φορ.
1071 2103 1123 2167 55.
1143 2099 1183 2169 l).

129 2207 246 2274 Pttnius
266 2207 362 2306 [list.
381 2209 463 2278 Nat.
486 2207 576 2288 VIII,
597 2211 659 2290 32,
677 2209 739 2274 fine
747 2259 757 2290 ‚
776 2221 806 2276 et
827 2208 974 2277 XXVIII.
994 2214 1027 2279 9.
1051 2231 1182 2299 quorum

128 2319 277 2412 plurimos
296 2319 428 2389 eitarunt
445 2319 580 2390 Hoesch.
605 2320 638 2386 iu
654 2315 760 2391 adnot.
791 2321 924 2389 Gronov.
954 2332 985 2388 et
1007 2319 1121 2387 Jacobs
1139 2321 1180 2387 ad

129 2430 251 2501 delion.

467 2545 469 2554 '
513 2540 618 2590 CAPUT
639 2541 794 2590 mxvm.

172 2654 368 2742 Ἀνδρωπον
389 2665 610 2740 προνοούμενον
631 2663 684 2738 τῆς
702 2658 782 2732 ἰδίας
798 2640 906 2741 τάφῆς]
946 2650 1044 2721 codd.
1060 2661 1180 2739 τροφῆς,
1195 2709 1197 2717 .

130 2761 214 2854 quod
238 2776 357 2831 secutus
384 2767 501 2832 Pierius
527 2765 686 2856 Hierogl.
715 2765 760 2832 11.
790 2786 858 2853 cap.
882 2767 935 2833 13.
961 2766 1068 2834 vertit:
1093 2769 1183 2832 ottae

128 2895 208 2942 suae
217 2879 497 2965 prospicientem,
519 2876 719 2967 Philippum,
743 2875 860 2965 duplici
878 2876 980 2966 aliqua
999 2876 1182 2966 Aegyptiaci

127 2986 271 3054 vocabuli
289 2987 513 3076 significatione
530 2985 715 3077 deceptum,
737 2983 791 3051 hie
809 3007 866 3074 per
884 2996 993 3071 τροφῆς
1011 2985 1182 3052 reddidisse

129 3097 315 3189 suspicatus,
334 3096 417 3188 quod
431 3098 534 3188 potius
551 3119 608 3188 per
622 3097 714 3164 uliam
729 3119 835 3162 rocem
854 3095 1045 3163 reddendum
1063 3097 1180 3177 fuisset,

127 3213 230 3276 uitam
257 3198 491 3300 significantem.
539 3207 602 3276 Sed
626 3209 741 3299 optima
761 3221 805 3276 est
828 3209 941 3288 lectio,
967 3231 1058 3297 quarn
1081 3207 1180 3277 edidit

128 3323 302 3403 Mereerus,
335 3331 451 3406 ταφῆς,
484 3343 638 3412 quemque
664 3321 765 3396 secuti,
788 3334 858 3387 sunt
883 3320 1022 3401 Pierius,
1055 3319 1088 3387 id
1116 3319 1178 3391 Ed.

129 3431 333 3522 Horapollinis
345 3481 356 3515 ‚
379 3446 412 3500 et
439 3432 543 3503 Gauss.
573 3433 733 3500 Trebatius
763 3431 846 3499 idem
872 3433 906 3496 in
923 3455 977 3498 suo
997 3428 1080 3500 cod.
1094 3434 1181 3499 inre-

128 3541 208 3608 uisse
225 3543 363 3628 ridetur;
389 3567 461 3610 narn
476 3547 583 3614 vertit:
619 3545 794 3613 Hominem
813 3547 854 3611 de
871 3545 1056 3633 acceptius
1072 3548 1180 3635 sopol-

128 3662 206 3720 tura
224 3679 337 3722 αανανι
358 3659 523 3725 Ιιαόονιίανν
549 3658 741 3749 st'gntfioare
765 3660 905 3723 volentes
912 3703 922 3734 ,
946 3659 1072 3722 αἀννιινα
1092 3661 1179 3746 pin-

123 3774 211 3859 gunt
229 3789 304 3832 euos
323 3773 433 3859 ipsius
449 3772 560 3836 dentes
579 3769 802 3858 infodientem.
850 3765 941 3835 Unde
960 3769 1052 3833 etiam
1073 3781 1178 3858 potet,
1285 3781 1295 3790 “

128 3899 202 3944 eum
217 3879 331 3961 ἔλαφον
349 3879 477 3972 legisse,
500 3905 558 3972 pro
585 3882 736 3963 ἐλέφαντα
743 3908 755 3961 ,·
778 3878 887 3944 eodem
904 3879 1002 3948 modo'
1014 3893 1107 3968 atque
1125 3901 1179 3944 su-

127 4013 202 4080 pra,
218 4011 288 4081 cap.
304 3995 357 4061 85.
370 4031 415 4048 -
431 3991 542 4060 Οοιοοο
559 4013 673 4060 cornua
693 3991 735 4058 oh
754 3991 899 4059 invidiam
920 3992 1065 4082 sepelire,
1085 4012 1180 4079 quum
1246 4037 1249 4046 .
