2832 4876
325 330 632 436 uonmoouurs
655 329 853 400 ffluuocu.
899 329 927 399 1.
952 317 1005 399 ct.
1020 336 1080 410 44.
1152 334 1215 399 uss

168 532 257 626 piris,
282 553 373 624 quem
392 531 544 599 bonorum
562 502 700 600 omnium
718 546 874 602 auctorem
891 531 1063 615 habebant,
1082 531 1214 622 ideoque
1343 599 1347 607 ,

169 650 292 726 ἀγαθὸν
306 647 436 729 δαίμονα
450 645 599 734 uocabant
606 695 616 726 ,
635 646 689 736 (cf.
705 641 823 713 Euseb.¹
834 645 960 736 Praep.
972 647 1108 736 Euang.
1119 644 1146 713 Ι.
1160 647 1213 712 10.

170 779 264 846 quem
291 755 479 823 leudcrimus
505 781 617 847 supra,
645 745 679 823 in¹
703 756 776 828 444.
804 755 844 822 44
870 778 939 847 cap.
968 763 998 822 2.
1025 782 1094 848 pag.
1124 755 1213 842 123.)

166 869 324 935 colebatur
356 869 396 934 sb
431 869 491 949 iis,
529 870 628 935 forma
664 871 849 961 serpentis,
880 870 983 935 barba
1017 855 1052 935 et
1075 870 1214 961 pedibus

166 981 319 1048 homnis
356 983 512 1048 obstructi
522 1030 532 1061 ,
570 981 645 1070 (rid.
684 982 750 1051 tab.
787 993 882 1052 nostr.
921 987 969 1050 n0.
1002 981 1089 1068 ts.);
1124 1003 1214 1072 saepe

167 1115 290 1182 quoque
317 1093 597 1184 Amon-Ghnupbis
624 1095 657 1160 in
690 1096 896 1161 monumentis
923 1093 1086 1161 exhibetur
1111 1101 1215 1161 rectus

165 1206 236 1271 nari
264 1227 316 1271 sua
343 1206 532 1296 symbolica,
562 1218 593 1273 et
616 1208 734 1274 cinctus
758 1206 868 1276 eodem
892 1206 952 1274 hoc
972 1211 1122 1295 serpente.
1162 1204 1213 1274 cf.
1277 1201 1290 1265 “r

168 1315 341 1407 Ghompoli.
358 1317 482 1387 Pautls.
500 1319 585 1411 Aeg.
598 1318 636 1384 44
653 1321 717 1388 tab.
730 1325 763 1387 3.
774 1341 803 1386 4.
818 1318 1028 1409 nuesmpt.
1045 1319 1098 1386 M.
1113 1318 1151 1386 0.
1161 1317 1213 1388 X.
1319 1355 1320 1362 .

76 1425 78 1429 ’
155 1449 238 1520 pag.
259 1433 311 1498 42.
336 1430 373 1499 B.
398 1433 478 1512 123,
509 1434 583 1497 124.
609 1443 640 1498 et
658 1432 691 1496 in
709 1431 770 1521 ΟΡ.
792 1431 833 1497 de
850 1427 1008 1522 Hierogl.
1030 1430 1071 1496 V
1067 1441 1108 1499 et.
1127 1430 1214 1522 Aeg.

166 1565 237 1637 pog.
260 1544 340 1622 143,
363 1547 448 1632 seqq.
469 1541 541 1612 444.
561 1542 721 1612 Jublonski
738 1544 771 1610 in
788 1542 914 1614 Ponet.
932 1543 1017 1635 Aeg.
1037 1544 1110 1612 Lib.
1131 1543 1159 1611 1.
1182 1547 1214 1611 4.

165 1658 196 1742 §-
223 1657 255 1721 3.
279 1691 324 1704 -
351 1653 625 1745 Hieroglyphicum
657 1668 760 1720 cutem
791 1653 852 1721 hcc
882 1667 1065 1745 receperunt
1093 1675 1215 1745 quoque

167 1764 320 1846 Gnostici,
345 1778 437 1854 utque
456 1767 490 1832 in
508 1765 616 1854 primis
635 1764 785 1854 Ophitne,
810 1765 843 1829 in
861 1787 992 1855 quorum
1009 1766 1216 1854 monumentis

165 1877 340 1967 saepissime
362 1875 515 1966 effingitur
536 1889 658 1967 serpen's
677 1876 751 1956 iste,
775 1876 1016 1966 leoninoccpite
1033 1876 1216 1968 plerumque

165 1991 343 2057 instructus.
398 1984 448 2056 cf.
475 1989 588 2055 Motter
615 1987 700 2054 IIist
731 1986 819 2056 Grtt.
852 1988 965 2057 Gnost.
985 1987 1013 2056 1.
1039 1981 1111 2079 pag.
1132 1993 1214 2070 272,
1264 1999 1266 2003 ’

165 2099 210 2168 11.
230 2122 301 2190 pag.
325 2101 399 2167 184.
419 2098 638 2189 etinlixplic.
657 2099 722 2168 tob.
742 2122 813 2190 pcg.
834 2103 895 2180 31,
919 2121 1005 2189 seqq.
1067 2109 1070 2117 “
1118 2095 1141 2166 ;”
1216 2185 1219 2190 Δ

210 2214 288 2278 οὕτω
310 2212 382 2298 παρ’
409 2213 511 2286 scitote
537 2247 583 2260 -
609 2215 671 2278 ἐστι
697 2209 840 2299 nostroe]
888 2211 1026 2277 Fortasse
1044 2232 1101 2299 pro
1119 2212 1215 2294 οὕτω,
1261 2247 1265 2254 -

165 2320 330 2412 legendum
356 2321 414 2388 erit
440 2307 542 2403 οὗτος,
565 2343 617 2389 sc.
646 2326 664 2388 o‘
690 2325 767 2405 ὄφις.
822 2321 1041 2388 Verbums'ort
1063 2319 1102 2388 de
1120 2321 1218 2389 Pouw

165 2448 250 2502 recte
268 2433 399 2523 explicat
418 2436 592 2520 symbolum
611 2442 680 2515 est,
704 2435 882 2526 stssg'nzfieot.

209 2544 373 2634 Seyfforth.
395 2545 456 2634 Op.
475 2543 529 2614 cit.
556 2569 626 2635 pog.
650 2549 724 2614 165.
754 2568 790 2612 er
815 2545 876 2613 hoc
893 2569 962 2636 erp.
983 2561 1013 2617 et
1030 2569 1066 2612 cr
1083 2569 1214 2636 praece-

167 2655 252 2722 denti
280 2657 373 2724 efficit
392 2679 448 2746 per
467 2666 646 2748 serpentem
665 2661 830 2748 integrum
849 2658 1021 2746 indicatum
1040 2658 1133 2725 fuisse
1160 2681 1214 2725 re·

167 2789 255 2859 gem,
273 2770 296 2838 i.
308 2791 337 2838 e.
356 2768 459 2837 Solem
476 2769 647 2859 planetom3
666 2771 876 2834 dimidiatum
886 2791 958 2836 vero
967 2778 1146 2860 serpentem
1155 2771 1214 2859 sig·

165 2880 304 2947 nificcsse
321 2880 451 2960 Jovem,
470 2882 503 2946 in
520 2881 680 2972 astrologis
697 2880 931 2971 Aegyptiorum.

517 3033 522 3042 ·
587 3013 691 3061 corun
717 3014 790 3064 uxr.

207 3109 273 3175 Am
293 3105 391 3183 πόδας
416 3087 583 3193 ἂνθρώπου
609 3109 643 3173 ἓν
668 3107 760 3173 ὕδατι
781 3103 1033 3193 περιπατοῦντας]
1090 3103 1190 3197 Supra
1202 3155 1212 3186 ,
1329 3105 1335 3126 ‘

165 3241 232 3308 cop.
245 3217 424 3287 ecdicius
442 3216 553 3284 iisdem
572 3218 664 3312 signis
681 3217 812 3284 indicari
830 3217 935 3298 illud,
954 3217 1133 3307 quodficrs'
1149 3242 1214 3285 noo

158 3339 282 3419 potest·
297 3331 403 3420 ithue
417 3329 505 3396 rclde
524 3329 644 3411 dubito,
655 3353 694 3396 on
711 3330 790 3397 duce
803 3329 862 3396 hae
875 3329 1090 3420 explicationes
1105 3330 1145 3396 ab
1161 3353 1213 3398 eo·

166 3439 237 3506 dem
252 3443 398 3532 scriptore
412 3443 567 3531 profectae
581 3442 706 3526 fuerint;
721 3444 797 3534 quin
811 3455 842 3510 et
856 3456 1018 3533 utramque
1033 3444 1072 3509 ab
1086 3442 1212 3509 homine

167 3551 467 3643 hieroglyphiccrum
481 3554 715 3645 inscriptionum
731 3556 863 3647 inperito
877 3555 1015 3621 additam
1030 3556 1212 3644 putaverim.

208 3664 270 3728 ἀπὸ
290 3673 343 3747 τῆς
366 3672 419 3733 τοῦ
441 3671 526 3751 toros
547 3671 720 3753 ὁμοιότητος
741 3666 873 3759 δηλοῦσι]
929 3664 1028 3734 0444.
1044 3669 1214 3734 ’44444114-

167 3793 236 3854 rum
250 3786 282 3839 et
299 3775 379 3845 Edd.
395 3777 558 3844 lectionem
573 3784 624 3844 τοῦ
642 3785 741 3865 ἑρμοῦ,
760 3779 900 3845 vitiosum
918 3800 998 3860 esse,
1012 3777 1214 3868 1444144144-
1260 3827 1264 3834 .

167 3898 252 3952 serat
274 3886 391 3956 Pierius
411 3890 569 3983 Hierogl.
588 3890 659 3959 Lib.
680 3891 808 3960 XXXV.
829 3913 896 3981 cop.
919 3896 971 3960 42.
995 3913 1098 3974 veram
1115 3888 1212 3978 scrip-

166 3999 282 4068 tionem
307 4008 360 4068 τοῦ
383 4007 483 4090 torosi,
516 4005 690 4092 conjecturo
709 4005 775 4092 jorn
794 4017 964 4094 essecutus,
989 3999 1212 4093 qusm'probc-
