2804 4872
416 230 420 264 l

339 315 867 406 contronunrsmuaocn.
914 321 942 389 1.
968 327 998 390 7.
1124 325 1185 392 tra

137 477 277 588 doctrina
301 461 489 612 Ppthdgorae
515 522 604 590 docet
628 523 756 615 Diogen.
782 525 884 591 mart.
909 521 996 590 vttl.
1020 525 1050 590 1.
1070 527 1099 610 §.
1120 527 1185 603 30,

110 634 170 698 'in
193 635 266 702 fine.
313 633 513 722 Empedocles
531 637 669 702 animum
687 659 749 703 esse
767 635 910 701 censebat
932 635 1018 702 cordi
1042 634 1186 701 suffusum
1306 655 1321 705 .'

119 747 331 835 sanguinem:

313 851 389 919 Αἷμα
406 857 456 926 γὰρ
473 857 626 928 ἀνθρώποις
642 859 816 930 περικάρδιόν
832 859 887 908 ἐστι
903 859 997 925 νόημα.

138 967 224 1051 Quae
247 968 372 1057 quidem
402 971 506 1058 opinio
529 984 633 1036 utrum
662 995 732 1050 rere
757 970 940 1060 Empedocli
963 971 1134 1050 tribuatur,
1157 971 1190 1034 in

137 1092 300 1169 utramque
328 1093 449 1169 partem
477 1081 671 1172 disputatnr;
709 1083 897 1172 Philopcnus
925 1082 963 1147 ad
995 1083 1121 1150 bristot.
1151 1083 1192 1147 de

137 1190 260 1257 Animo
283 1215 352 1283 cap.
375 1201 408 1263 8.
432 1196 496 1282 ejus
515 1209 671 1261 auctorem
692 1195 821 1262 Critiam
841 1195 924 1262 facit.
974 1195 1032 1262 (tff.
1053 1194 1191 1260 Davisius

137 1303 179 1368 ad
201 1303 266 1371 Cic.
288 1305 383 1373 Tuae.
403 1306 535 1396 Dasput.
557 1308 578 1376 l
595 1307 617 1374 l.
639 1306 841 1374 Cudworthus
862 1307 951 1394 Syst.
972 1307 1085 1374 Intett.
1105 1306 1142 1374 Τ.
1162 1305 1189 1373 Ι.

138 1437 210 1504 pag.
228 1421 287 1496 38,
303 1441 370 1507 sqq.
385 1419 550 1507 Wyttenb.
560 1419 599 1483 in
615 1420 736 1508 Disput.
755 1419 1061 1485 deImmortalr'tate
1076 1421 1189 1486 animi.
1308 1435 1318 1446 ·

136 1525 251 1616 Opusc.
272 1528 313 1597 ll.
333 1554 404 1621 pag.
426 1535 500 1598 527.
519 1569 564 1581 —
582 1530 726 1597 Dubitari
743 1532 854 1622 possit,
874 1544 979 1596 utrum
997 1531 1122 1596 fortasse
1138 1529 1191 1596 bic

137 1637 179 1702 ab
197 1639 395 1730 Horapolline
414 1642 573 1733 Aegyptiis
590 1643 784 1723 tribuantur,
805 1666 882 1732 quac
900 1643 1023 1732 proprie
1040 1641 1079 1706 ad
1095 1643 1201 1708 Grae·
1294 1707 1303 1713 ,
1386 1661 1388 1665 ·

137 1771 190 1816 cos
214 1753 404 1840 pertineant,
430 1774 526 1842 quum
544 1753 614 1819 satis
632 1755 740 1820 tritum
759 1751 798 1820 sit
816 1755 849 1818 in
872 1753 1120 1842 inscriptionibus
1138 1777 1189 1820 se·
1287 1761 1292 1774 “

137 1861 343 1951 pulcralibus:
379 1868 501 1952 εὐψῦχει
512 1916 522 1947 ,
551 1865 613 1930 sive
640 1869 748 1952 εὐψπίχι
770 1869 845 1954 μετὰ
868 1877 920 1932 rod
944 1868 1100 1950 Ὀσίριδος.
1113 1867 1188 1934 ‘velt

116 1973 203 2056 'aaa
218 1999 270 2050 coc
292 1981 312 2040 o‘
331 1977 442 2061 Ὀσίρις
463 1981 497 2040 τό
514 1980 636 2060 ψυχρὸν
656 1977 746 2062 ὕδωρ.
791 1974 853 2042 Sed
873 1975 1191 2064 fierirpotesnutboc
1276 1991 1279 2003 ·

136 2097 245 2150 votnm
273 2083 312 2150 de
340 2086 442 2150 anima
467 2087 583 2152 mortui
609 2086 721 2175 frigida
748 2109 827 2174 aqua
851 2085 1004 2165 satianda,
1035 2087 1193 2176 Aegyptiis

140 2197 332 2262 Graecorum
358 2197 482 2262 demum
505 2197 689 2280 commercio
714 2198 899 2266 innotuerit:
931 2198 964 2262 in
982 2196 1092 2262 horum
1111 2200 1193 2295 enim

138 2309 301 2404 lapidibus
311 2309 529 2398 sepulcralibus
543 2308 619 2374 illud
635 2329 794 2374 occurrere
810 2308 899 2376 docet
914 2309 1089 2399 inscriptio,
1101 2335 1194 2401 quam
1232 2320 1235 2328 ’

139 2425 241 2492 edidit
259 2423 474 2502 lllontfaucon,
496 2422 678 2512 Palaeogt·.
704 2419 764 2488 Gr.
784 2445 854 2511 pag.
877 2425 960 2501 173,
980 2423 1012 2488 in
1029 2426 1113 2514 cujus
1132 2425 1194 2491 fine
1218 2449 1226 2467 ·

139 2538 267 2633 legitur:
282 2539 378 2620 ’ψόχῃ
400 2535 520 2620 διψώσῃ
542 2519 660 2618 stroppos
682 2534 761 2616 drop
781 2535 937 2614 peratore
958 2533 1013 2624 (*).
1030 2574 1067 2586 -
1081 2536 1195 2626 Neque

142 2674 161 2717 a
185 2651 249 2716 veri
272 2645 473 2714 similitudine
495 2646 599 2712 abesse
621 2643 763 2725 ridetur,
780 2645 989 2735 ‘Pythagoram
1015 2649 1196 2715 sententiam

143 2762 185 2828 de
203 2761 312 2826 animis
332 2759 477 2850 sanguine
495 2757 631 2837 nutritis,
656 2779 727 2824 cum
744 2772 790 2823 tot
808 2758 874 2823 aliis
895 2781 965 2824 snae
982 2758 1195 2849 philosophiae

142 2873 283 2965 partibus
295 2922 305 2952 ,
334 2872 373 2937 ab
402 2869 562 2960 Aegyptiis
591 2883 748 2959 acceptam
777 2891 848 2934 eum
872 2869 996 2940 Graecis
1020 2872 1195 2938 communi-

142 3008 236 3074 casse.
284 2985 365 3050 lluic
389 2995 493 3048 autem
515 2982 561 3046 rei
578 3005 640 3047 non
659 2983 780 3047 obstare
796 2995 889 3071 puto,
914 2980 996 3070 quod
1016 2983 1048 3046 in
1069 2983 1196 3072 picturis
1269 3013 1273 3026 ¹

142 3099 330 3164 mumiarum
356 3097 543 3174 loculorum,
573 3103 777 3183 papyro'rum,
801 3093 992 3182 aliorumque
1014 3083 1195 3160 monumen-

144 3224 245 3278 torum
261 3208 435 3300 saepissimc
450 3207 584 3273 occurrit
598 3227 708 3297 corpus
724 3208 857 3286 mortui,
873 3229 963 3296 supra
979 3205 1062 3296 quod
1076 3207 1196 3276 Anubis
1292 3263 1296 3276 .

145 3298 256 3412 aquam
286 3303 435 3401 effundit3
465 3319 526 3386 hoc
555 3319 637 3384 enim
663 3317 743 3384 nihil
766 3318 849 3383 alind
877 3331 920 3386 est
947 3331 1006 3408 qua
1062 3311 1197 3386 mumiae

145 3423 334 3502 consecratio
352 3437 446 3522 atque
462 3431 659 3523 purificati03
685 3425 805 3520 neque,
830 3429 913 3520 quod
930 3432 962 3495 in
980 3341 1090 3498 iislbm
1108 3455 1197 3522 saepe

146 3548 282 3636 pingitur
301 3547 421 3613 anunus
437 3547 552 3611 mortni
570 3569 587 3610 a
606 3545 662 3610 dea
681 3544 821 3635 Netphe‚
835 3567 938 3635 prope
956 3533 1097 3610 arborem
1115 3567 1197 3634 mps-

146 3659 260 3738 ticam,
293 3659 382 3748 hujus
409 3659 525 3724 fructus
553 3671 583 3723 et
609 3671 716 3748 potum
741 3655 880 3721 divinum
906 3657 1077 3745 accipiens:
1103 3678 1195 3736 nam,

146 3782 361 3859 praeterquam
394 3769 478 3860 quod
508 3769 598 3857 hujus
630 3768 914 3857 repraesentationis
945 3769 1197 3870 significationem
1296 3842 1300 3849 Ι

175 4023 212 4091 l')
231 4025 270 4080 Gi.
290 4025 413 4091 bottiger.
433 4023 608 4091 ⁴Arrlrtoloqs'a
625 4025 672 4075 dar
688 4022 798 4076 Malacae·
815 4039 872 4091 pag.
892 4019 934 4075 70.
955 4037 993 4084 rq.
