2804 4872
136 367 138 374 ,
245 309 251 318 ·
339 303 647 382 nonrromnus
670 302 868 375 simoen.
914 303 942 374 1.
978 309 1028 374 rc.
1141 311 1206 380 noe
1274 267 1279 278 ’

462 563 464 568 ·
591 547 694 596 cirus
716 545 781 598 xvl.

201 723 367 820 Ἰόημερίας
384 733 440 802 dcte
454 731 547 800 neto
566 726 772 818 oppetemus]
800 729 959 796 Trebatius
969 732 1070 800 venit:
1082 729 1206 819 Aequi*-

156 849 288 926 uoctc'o,
311 849 393 934 φάο
415 845 465 909 bis
487 847 524 908 tc
545 865 632 908 ortuo
654 847 863 934 contingunt,
891 844 1084 933 significare
1100 846 1206 910 cotec-

157 965 223 1037 tes,
242 956 492 1047 cynocqodalem
507 955 665 1020 satorem
676 959 825 1045 pingunt
831 977 843 1032 ,·
866 956 971 1044 itaque
989 975 1096 1019 rocem
1113 955 1207 1024 cetae

155 1091 218 1134 nou
240 1067 347 1156 legisse
369 1064 490 1132 ridetur
514 1066 547 1130 in
570 1063 647 1132 cod.
674 1056 737 1153 quo
762 1087 832 1130 usus
850 1063 925 1133 fuit:
951 1064 1080 1130 eandem
1099 1069 1206 1131 rocem

155 1178 195 1246 de
221 1179 316 1253 Peuw
342 1177 556 1266 transpositam
581 1189 688 1265 putat,
712 1188 805 1265 atquc
823 1189 892 1265 post
909 1178 1105 1260 σημαίνοντες
1121 1177 1206 1242 inse-

155 1290 303 1370 rendam,
333 1311 430 1378 quum
454 1288 488 1352 iu
508 1289 664 1377 prioribus
687 1287 726 1352 dc
747 1287 973 1377 cynocephalo,
997 1310 1059 1354 non
1076 1311 1149 1354 vero
1165 1287 1206 1365 de

128 1434 131 1440 ·
154 1402 357 1492 aequinoctiis
373 1422 472 1468 sermo
491 1399 602 1481 fuerin
628 1401 661 1464 in
681 1399 830 1489 superiori
848 1398 975 1488 quidem
992 1421 1061 1488 cap.
1080 1423 1136 1466 vox
1154 1400 1207 1486 illa

156 1515 200 1581 ita
224 1514 365 1603 ponitur,
390 1510 527 1578 sednon
552 1533 670 1601 semper
697 1513 904 1578 iterationem
921 1509 1055 1592 indicat,‘
1082 1524 1114 1578 at
1131 1533 1206 1576 corr-

155 1628 367 1692 tc‘nuatz'o'nem
382 1645 517 1714 quoque,
533 1624 578 1690 ita
591 1637 628 1700 nt
640 1618 820 1690 vertendum
837 1624 1074 1713 supraemos,
1082 1645 1202 1714 porro.

20 1817 27 1824 ,
79 1741 81 1746 ’
155 1735 205 1807 cf.
225 1737 356 1804 Palairet
379 1735 509 1802 Obseru.
529 1735 655 1802 Philet.
677 1757 746 1824 pap.
767 1740 821 1813 20,
842 1757 906 1824 seq.

121 1885 123 1888 ·
199 1853 384 1934 ζωγραφοῦσι
411 1845 501 1932 ζῶον]
549 1847 596 1912 Dc
614 1847 707 1912 Peuw
725 1858 809 1912 recte
825 1845 903 1912 ridit
928 1849 1004 1924 ζῶον
1027 1848 1202 1931 abundarc3

154 1961 317 2050 quominus
335 1971 439 2024 autem
458 1981 530 2024 cum
547 1981 583 2024 eo
599 1958 827 2025 distinctionem
844 1979 992 2047 ponamus
1008 1973 1076 2048 post
1094 1962 1210 2046 ζωγρα.

153 2061 315 2154 φοῦσι,“εῑ
338 2072 416 2146 ζῶον
434 2072 597 2160 jungamus
620 2093 691 2136 cum
713 2070 931 2158 sequentibus,
955 2069 1085 2159 impedit
1105 2070 1205 2159 porti-

1 2219 2 2226 *
98 2265 101 2270 Ι
154 2182 225 2248 cula
252 2189 330 2267 71'193
361 2181 469 2248 melius
499 2183 624 2248 fortasse
650 2204 771 2272 prorsus
799 2181 978 2260 omittatur,
1011 2194 1046 2246 ut
1072 2193 1145 2270 pote
1168 2203 1205 2246 ex

153 2291 350 2384 praecedenti
369 2315 443 2358 soce
463 2287 647 2378 ζωγραφοῦσι
669 2307 782 2362 ortum.
887 2355 889 2362 .

195 2405 357 2479 δωδεκάκις
389 2401 441 2487 τῆξ
467 2403 589 2489 ἡμέρας
603 2405 676 2470 καθ’
705 2413 831 2490 ἑκάστην
858 2405 940 2491 ὥραν
966 2403 1057 2491 circei]
1113 2403 1202 2470 idem
1236 2411 1242 2422 ”

153 2515 216 2582 fere
235 2527 338 2580 narret
356 2514 469 2582 Marius
483 2514 681 2581 Victorinus
672 2537 705 2580 m
723 2517 842 2584 Corum.
861 2517 911 2582 ad
927 2512 1084 2584 Ciceronis
1101 2519 1211 2604 libros¹

153 2627 345 2694 Rhetoricae
367 2626 441 2718 Lib.
460 2626 487 2692 Ι.
508 2625 577 2694 td.
606 2626 710 2694 Orell.
733 2627 820 2696 Tem.
842 2627 880 2696 V.
901 2652 972 2718 pag.
994 2633 1048 2695 79.
1087 2629 1204 2714 »Quo-

157 2737 258 2804 »dam
278 2739 416 2827 ternpore
442 2737 675 2828 Trismegistus,
701 2761 796 2828 quum
814 2733 892 2804 esset
913 2739 945 2804 in
969 2740 1110 2829 Aegypto
1121 2787 1131 2820 ,
1155 2727 1212 2830 ἐν

141 2872 270 2917 ·»erum
298 2848 453 2938 quoddam
480 2850 593 2916 animal
620 2849 764 2940 Serapidi
792 2849 928 2918 dicatum
940 2899 956 2930 ‚.
974 2851 1057 2940 qnod
1084 2851 1116 2914 in
1140 2863 1205 2915 toto

60 2942 66 2962 ¹
153 2961 232 3028 »die
266 2959 429 3026 duodecies
460 2963 582 3026 urinam
609 2963 749 3041 fecisset,
782 2963 850 3051 pari
877 2984 1000 3051 semper
1025 2961 1205 3050 interposito

152 3087 319 3164 »tempore
329 3123 339 3154 ,
362 3095 418 3163 per
437 3072 600 3148 duodecim
616 3073 706 3140 horas
724 3073 808 3140 diem
826 3073 1076 3142 dimensam-esse
1094 3075 1207 3163 conju-¹

152 3187 243 3267 ecit,
267 3200 299 3251 et
322 3185 429 3252 exinde
450 3184 503 3250 hic
525 3185 669 3253 horarum
690 3209 834 3254 numerus
853 3185 1033 3254 custoditur.
1080 3187 1201 3253 Deinde

152 3299 233 3366 »elii
256 3297 364 3365 dicunt
388 3322 423 3364 er
443 3297 626 3388 quadratura
648 3300 745 3381 coeli,
771 3323 849 3391 quae
867 3299 1035 3366 secundum
1052 3301 1202 3369 musicam

150 3413 329 3479 »rationem
358 3412 391 3476 in
418 3407 581 3478 duodecim
609 3426 709 3501 partes
733 3411 853 3494 'dicitur
878 3433 941 3488 esse
965 3411 1081 3494 divisa,
1111 3411 1220 3495 horas¹

152 3521 343 3590 »duodecim
370 3545 434 3592 esse
456 3523 634 3593 nominatas.
681 3525 803 3614 Aquam
826 3526 909 3591 enim
924 3547 980 3614 per
996 3538 1096 3591 totum
1115 3527 1198 3593 diem

153 3649 363 3724 »exceperunt
381 3633 702 3704 tenuissima'careme
722 3636 928 3717 defluentem,
950 3651 984 3704 et
1001 3637 1081 3714 hanc
1096 3642 1206 3728 mojo-

81 3783 84 3790 ·
152 3769 229 3814 »res
250 3748 346 3816 nostri
369 3749 402 3814 in
426 3747 590 3816 duodecim
613 3761 715 3838 portes
732 3749 915 3818 diviserunt:
941 3771 976 3815 ex
993 3749 1041 3817 his
1058 3745 1198 3841 partibus

152 3857 263 3925 »horis
288 3881 398 3926 nemen
426 3860 671 3952 imposuerunt&
690 3899 736 3912 -
752 3861 816 3928 Vte
803 3875 882 3928 teres
902 3885 985 3945 non,
994 3861 1104 3929 relati
1121 3886 1195 3941 nos,

150 3993 243 4039 nnem
266 3993 384 4110 semper
408 3973 635 4066 camdemque'
626 3997 662 4042 ur
682 3975 821 4063 aequales
840 3990 940 4067 portes
957 3915 1019 4041 diei
1037 3975 1197 4062 noctisque

1068 4088 1105 4149 21
