2804 4872
105 2703 111 2746 t

216 299 277 364 176
404 357 408 364 ,
490 297 514 367 s
577 291 819 360 annotino
844 313 887 359 tn

211 495 432 586 significatione
458 506 619 582 usurpatur
646 507 738 584 atque
765 493 951 584 ρνιαννοοοῖί.
999 493 1111 560 Vultur
1142 491 1197 563 e'tsi
1215 496 1258 564 ab

213 592 270 689 iis,
295 608 406 697 quibus
423 608 596 686 nutriatur,
619 609 751 673 maxime
778 601 815 674 sit
842 619 996 686 remotus,
1020 621 1122 676 tamen
1149 629 1188 672 ea
1210 610 1259 675 in-

212 715 338 810 vestigat
365 733 457 810 atque
484 719 543 784 sibi
570 734 738 810 comparat.
784 721 822 787 In
849 742 984 786 errorem
1011 719 1120 786 duetus
1138 720 1260 787 ridetur

212 832 253 899 de
270 834 363 899 Pauw
381 855 437 910 eo,
463 831 545 921 quod
563 835 595 910 ἐξ
618 837 721 901 ἱκανοῦ
745 834 943 914 διαστήματος
961 831 999 896 de
1014 844 1173 922 ternpore,
1195 855 1257 898 non

212 944 341 1012 deloco
363 945 493 1034 aceepit.
876 993 880 1006 .

254 1059 337 1144 ὅριον
359 1057 391 1122 δι’
413 1058 491 1123 διότι
512 1093 556 1105 -
576 1053 679 1141 ὁρίζει]
725 1055 766 1120 Et
783 1054 859 1120 haec
876 1079 894 1120 a
909 1055 1053 1154 Pitilippo
1072 1055 1111 1122 de
1129 1079 1184 1122 suo
1203 1055 1258 1122 ati·
1386 1041 1387 1060 i

163 1213 188 1244 ·,
212 1169 276 1234 dita
305 1183 335 1234 et
363 1190 422 1232 nna
437 1163 511 1232 'eurn
529 1167 724 1256 sequentibus
745 1167 1017 1257 significationibus
1028 1170 1213 1259 praesagii
1227 1180 1258 1232 et
1386 1195 1387 1258 ,

211 1283 310 1360 anni,
334 1279 373 1344 ad
393 1279 580 1346 Graecorum
605 1280 872 1368 Romanonunque
891 1281 992 1382 potius
1010 1281 1258 1368 superstitionem
1386 1273 1387 1316 t

210 1391 381 1482 referenda,
397 1413 493 1480 quarn
508 1413 543 1454 er
552 1389 773 1480 Aegyptiorum
782 1392 986 1458 monumentis
995 1391 1254 1482 petita‘ridentur.

253 1509 309 1588 πρὸ
329 1509 445 1589 ἡμερῶν
466 1507 547 1572 ἑπτὰ,
564 1503 611 1567 ἐπ’
633 1505 725 1568 αὐτὸν
747 1502 985 1588 παραγινομένη]
1013 1504 1151 1570 'Plinius
1178 1505 1201 1571 l.
1227 1526 1256 1573 e.
1386 1503 1387 1508 ἵ

211 1615 251 1684 Χ.
272 1619 303 1683 6.
321 1626 424 1678 narrat
440 1610 606 1678 secundum
619 1612 822 1678 -Umbrieium
837 1613 1018 1703 Aruspicern
1042 1613 1172 1680 »triduo
1187 1629 1257 1680 ante

210 1751 232 1792 »
241 1739 293 1792 aut
319 1725 415 1791 biduo
441 1725 542 1790 volare
568 1725 723 1805 vultures,
757 1726 812 1791 uhi
841 1725 989 1793 cadavera
1021 1727 1122 1794 futura
1150 1735 1254 1795 sunt.''

208 1839 332 1906 Plautus
357 1839 490 1905 Tremit.
511 1838 554 1904 ΙΙ.
580 1842 611 1904 3.
636 1861 678 1905 rs.
702 1841 767 1917 16,
792 1862 837 1926 sq.
931 1851 936 1858 '
1089 1813 1100 1840 ῃ

360 1967 428 2000 -'—-
449 1948 528 2014 vida
551 1962 586 2014 ut
603 1952 669 2038 jam
693 1949 780 2038 quasi
802 1951 927 2014 volturii
949 1949 1053 2016 triduo

361 2062 448 2128 Prius
470 2060 703 2155 praedivinant,
728 2085 789 2150 quo
812 2061 863 2126 die
886 2047 966 2128 esuri
990 2062 1077 2129 sient.

207 2174 327 2242 Aelian.
355 2165 379 2241 l.
408 2197 436 2242 e.
465 2174 554 2241 docet
580 2174 713 2240 vultures
735 2176 972 2263 praesentientes
990 2174 1136 2240 cadavera
1153 2175 1255 2241 futura

72 2348 78 2361 ,
115 2291 120 2296 ’
207 2284 264 2348 ubi
288 2307 391 2374 pugna
419 2286 648 2363 committatur,
672 2269 819 2350 exereitus
845 2286 878 2348 in
897 2285 1012 2350 bellum
1029 2286 1255 2372 proficiscentes

1136 2392 1172 2417 χ
1206 2417 1208 2426 ι

206 2396 292 2484 sequi
309 2397 415 2463 solere.

118 2515 124 2529 ‘
249 2512 417 2602 νιρόννωσιν
440 2501 496 2590 it]
534 2505 646 2572 Vultur
673 2503 754 2594 apud
783 2517 898 2570 veteres
925 2501 957 2568 in
980 2505 1087 2593 primis
1106 2505 1186 2570 inter
1204 2524 1279 2572 eas'

176 2611 182 2697 ’,
202 2607 275 2684 ἐνοι
303 2617 511 2696 referebatur,
543 2639 578 2682 er
604 2617 717 2706 quihus
744 2617 869 2706 auguria
897 2629 1058 2704 caperent;
1094 2615 1137 2682 sie
1163 2639 1192 2686 r.
1223 2599 1283 2686 e.'

206 2727 337 2798 Romulo
363 2741 394 2794 et
420 2731 518 2795 Remo
545 2729 677 2794 vuitures
705 2742 885 2822 apparuere.
933 2726 991 2798 Off.
1021 2729 1113 2796 Dion.
1133 2729 1204 2796 H‘al.
1224 2729 1251 2797 l.

207 2867 277 2935 pag.
307 2846 360 2916 7,3.
389 2841 438 2930 ed.
469 2840 559 2929 Sytt.
602 2840 758 2909 Plutarch.
788 2843 821 2906 in
846 2842 939 2911 Item.
968 2865 1037 2930 cap.
1068 2843 1101 2908 9.
1157 2840 1252 2912 Rom.

214 2956 342 3044 (tuaest.
363 2977 431 3044 cap.
453 2960 506 3022 93.
526 2979 596 3044 pag.
618 2960 693 3023 286.
713 2951 800 3022 A-G.
848 2953 969 3022 Aelian.
987 2955 1027 3020 de
1044 2953 1125 3021 Nat.
1142 2951 1252 3022 Anae.

208 3069 248 3136 X.
269 3061 344 3147 22„
369 3067 439 3132 fine.
481 3066 585 3134 Livius
602 3066 694 3132 litat.
708 3067 745 3134 i.
761 3072 793 3136 7.
835 3067 942 3132 Florus
959 3066 986 3133 1.
1008 3069 1039 3133 1.
1058 3071 1088 3152 §.
1108 3070 1140 3133 7.
1164 3064 1252 3131 Idem

135 3270 142 3275 ·
208 3181 343 3270 Augusto
352 3180 497 3246 accidisse
512 3192 636 3246 narrant
644 3179 806 3246 Suetonius
815 3180 849 3244 in
862 3178 952 3270 Aug.
969 3201 1037 3267 eap.
1049 3181 1103 3246 95.
1114 3177 1252 3245 atinias

207 3292 320 3382 Obseq.
346 3315 412 3382 cap.
440 3295 522 3372 129,
546 3293 617 3360 fine.

248 3409 321 3492 πρὸς
348 3410 422 3479 rotie
443 3405 584 3480 πλείονας
612 3404 814 3486 σφαζομένονς
842 3407 893 3486 aaut
919 3404 1106 3487 ἡττωμένους
1132 3400 1251 3492 βλέπει]

176 3516 265 3588 (Ad
281 3526 495 3608 campartem
513 3526 656 3608 spectat,
673 3515 736 3582 'arbi
747 3517 867 3606 plures
886 3517 1134 3583 trucidabantur
1151 3513 1252 3580 adea-

206 3653 265 3722 que
278 3635 456 3707 vincentur.
488 3634 564 3696 ·Kat
584 3629 617 3697 h.
636 3631 658 3697 1.
679 3628 827 3719 signifieat
844 3629 1004 3718 adeoque·
1029 3628 1067 3693 de
1090 3649 1150 3716 qno
1169 3625 1251 3696 conf.

157 3779 166 3800 ·
206 3743 366 3811 Stalbaurn
383 3742 422 3806 ad
441 3744 519 3811 Plat.
543 3743 706 3812 Cratestem
720 3764 789 3832 eap.
802 3735 859 3821 1'5,
879 3753 948 3830 post
965 3739 1047 3806 med.
1067 3763 1137 3828 pag.
1149 3744 1202 3805 53.
1213 3739 1251 3805 E.

209 3855 245 3921 ln
264 3853 361 3922 eoin
382 3833 893 3945 rairss.a‚n.p1aaaaaunaa;
920 3852 971 3918 ne
986 3850 1097 3930 asset,
1118 3857 1251 3936 ιρι-ιω.

207 3989 255 4036 σιν
283 3969 315 4034 δὲ
339 3975 359 4051 ἦ
374 3973 426 4050 τῆς
443 3969 653 4054 προειρημένης
677 3969 776 4041 αἰτίαν
799 3971 902 4053 χάριν,
922 3971 941 4050 ἦ
962 3967 1030 4032 ὅτι.
1049 4013 1057 4031 .
1073 4010 1102 4029 ..
1121 3962 1254 4028 avaritia

239 4206 1037 4842 asa
