2804 4872
285 307 594 377 nonnaonnrms
617 285 814 376 arbacen.
855 261 888 375 i.
923 312 955 374 o.
983 311 1033 375 10.
1127 311 1193 420 ιαι

81 414 92 458 Ι

578 549 680 596 canor
702 551 747 599 rx.
821 523 824 530 ’

184 737 257 810 Πῶς
265 695 374 819 rotrico]
388 730 450 840 *ld
465 700 525 800 hoe
539 745 631 822 caput
642 730 698 801 cff.
712 754 790 821 quae
801 732 1010 800 adnotavimus
1021 731 1061 806 ad
1070 755 1138 822 cap.
1151 737 1182 798 8.
1250 739 1263 768 ⁸

582 974 686 1022 cnrur
709 975 741 1024 x.

179 1182 373 1260 Μανογεαὲς,
395 1182 416 1260 ἦ
436 1178 573 1259 uirgato,
596 1185 616 1261 ἤ
636 1180 766 1264 πατέρα]
815 1175 965 1243 Videntur
987 1177 1063 1242 haee
1083 1177 1184 1243 Gnos-

136 1293 269 1360 ticorum
295 1290 395 1379 potius
424 1311 517 1378 quam
543 1290 794 1378 Acgyptiorum.
831 1289 876 1356 le
903 1290 1186 1355 Valentinianorum

136 1404 276 1473 doctrina
302 1403 383 1467 Deus
405 1401 591 1489 Supremas,
615 1407 739 1482 Bottia,
764 1423 823 1468 una
846 1424 916 1467 cum
939 1401 1070 1483 Ἔααοίᾳ
1093 1402 1185 1488 (quae
1259 1447 1262 1454 .

136 1529 168 1582 et
186 1521 302 1600 Χάρις,
324 1519 404 1594 Σιγὴ
427 1525 455 1578 et
473 1512 633 1597 ’Ἆρ’ῥηται
651 1514 788 1598 uocatur)
814 1514 926 1578 crearit
948 1513 1050 1602 plures
1068 1535 1184 1578 ocorrcs
1302 1571 1304 1580 ,

136 1627 298 1714 (αἰῶνας),
336 1646 466 1712 quorum
490 1624 606 1714 primus
630 1625 689 1690 fait
711 1633 808 1699 Νοῦς·
837 1631 890 1692 τὸν
913 1627 945 1692 δὲ
967 1632 1056 1692 Νοῦν
1078 1633 1186 1692 τοῦτον

134 1741 186 1804 καὶ
211 1735 399 1820 ρἰοαογεαῆ
425 1736 565 1815 καλοῦσι,
603 1740 654 1799 καὶ
681 1736 846 1818 πατέρα,
882 1741 934 1800 καί
959 1739 1077 1823 ἀρχὴν
1108 1739 1184 1803 τῶν

133 1855 297 1917 πάντων.
353 1844 410 1914 (lff.
445 1845 634 1936 Epiphanius
660 1847 734 1912 cdo.
766 1846 931 1926 Haereses
959 1846 986 1914 I.
1020 1849 1107 1914 Tom.
1137 1846 1182 1914 ll.

133 1983 203 2051 cap.
240 1963 302 2039 10,
336 1971 366 2024 et
393 1959 534 2024 irenaeus
565 1957 639 2024 odo.
664 1957 831 2022 Haereses
853 1957 880 2024 Ι.
905 1980 972 2047 cap.
995 1963 1031 2038 1,
1055 1960 1098 2025 in.
1124 1956 1184 2022 ad-

133 2072 225 2138 datur
239 2071 353 2136 Mattcr
368 2070 461 2136 IIist.
483 2069 625 2136 Gnostio.
642 2069 711 2134 vol.
729 2068 771 2136 ll.
789 2092 858 2158 pag.
878 2073 940 2134 114
950 2119 959 2149 ,
976 2093 1043 2158 sqq.
1060 2081 1091 2134 et
1109 2071 1183 2138 127.

135 2184 249 2260 Aeonis
267 2194 369 2247 autem
385 2181 475 2269 hujus
492 2172 723 2270 appellationes:
750 2189 960 2264 μονογενῆ.
985 2182 1131 2267 πατέρα
1154 2193 1185 2260 et

134 2300 257 2382 ἀρχὴν
281 2293 342 2358 sire
363 2293 519 2372 γένεσιν.
541 2299 710 2373 πάντων,
731 2315 786 2381 per
810 2292 1005 2372 scarabaeum
1024 2314 1174 2382 expressas

135 2407 226 2474 fuisse
244 2405 381 2475 statuerit
401 2403 583 2494 Horapollo,
603 2404 747 2492 quoniam
764 2402 983 2470 Pbtha·Thore
1001 2405 1056 2492 (sol
1074 2403 1185 2470 mundi

134 2518 339 2607 incorporei),
364 2516 416 2604 qui
436 2517 549 2604 etipse
574 2536 609 2579 ex
628 2514 849 2604 Aegyptiorum
868 2516 1037 2595 sententia,
1061 2537 1184 2605 prorsus

130 2625 171 2696 'ac
185 2637 270 2714 Νοῦς
278 2627 577 2706 Valentinianorum,
595 2649 629 2692 ex
645 2649 762 2694 summo
777 2627 904 2692 numine
921 2627 1086 2715 (rimone),
1102 2642 1133 2694 et
1148 2651 1185 2694 ex

134 2740 288 2831 principio
315 2737 515 2828 generationis
533 2737 701 2804 foeminino
720 2736 841 2827 (Neitb)
865 2739 907 2825 (⁴)
932 2752 1049 2806 creatus
1066 2741 1181 2819 faerit,

134 2874 191 2943 per
218 2851 411 2916 scarabaeum
435 2849 639 2917 indicabatur.
670 2847 740 2932 x(ll.
767 2848 938 2939 Champoll.
962 2852 994 2915 in
1016 2852 1184 2940 Bcsenpt.

135 2964 250 3031 Musei
264 2963 382 3031 Caroli
392 2961 434 3027 X
433 3013 441 3029 .
458 2985 528 3051 pag.
548 2967 600 3029 43.
618 2963 655 3028 B.
675 2965 750 3040 160,
768 2963 843 3042 1613
862 2961 894 3025 in
910 2961 1031 3029 Panto.
1044 2962 1129 3053 Aeg.
1145 2960 1186 3026 ad

134 3077 200 3144 tab.
225 3078 286 3154 12,
312 3079 364 3144 13.
388 3111 433 3124 -
455 3074 614 3140 Praeterea
637 3070 792 3152 Christus,
812 3072 866 3161 qui
884 3073 952 3137 κατ’
970 3075 1074 3160 ἐξοχὴν
1094 3096 1183 3139 roca-

20 3217 21 3222 *
134 3200 184 3254 tnr
198 3191 216 3252 o‘
231 3191 396 3270 μονογενὴς
415 3169 587 3274 saepissime
606 3185 638 3250 in
656 3184 860 3250 monumentis
879 3183 1029 3250 Gnosticis
1047 3207 1102 3274 per
1121 3208 1186 3252 sca·

134 3299 279 3364 rabaeum
305 3296 502 3386 significatur.
557 3293 605 3365 cf.
639 3297 751 3386 Matter
778 3296 870 3364 Hz'st.
901 3295 1043 3364 Grrostz'c.
1064 3298 1182 3386 Explio.

135 3411 211 3479 Tab.
231 3408 274 3477 ll.
294 3409 332 3477 ll.
355 3412 385 3477 1.
409 3432 478 3499 pag.
501 3415 553 3478 40.
604 3409 651 3479 Ol.
667 3409 806 3474 Renrens
821 3408 853 3471 in
872 3407 962 3498 Epp.
983 3408 1032 3474 od
1047 3410 1183 3476 Latron-

164 3620 201 3688 (')
226 3625 330 3674 Prooluo
356 3620 388 3674 iri
411 3625 547 3674 Timaeum
565 3627 588 3676 1.
607 3642 664 3690 pag.
683 3625 730 3686 303
752 3630 778 3674 et
799 3625 949 3674 Plutarchus
969 3625 1000 3673 de
1023 3625 1061 3686 Ιτ.
1088 3635 1114 3676 at
1143 3629 1186 3679 Os.

123 3705 187 3780 'cap
205 3715 232 3765 9.
252 3731 308 3779 pag.
326 3713 387 3767 354.
411 3715 439 3767 G.
464 3715 652 3780 inscriptionem
667 3715 782 3772 referunt
804 3718 901 3764 statuae
925 3715 1047 3766 llinerrae
1064 3718 1186 3768 stitione:

129 3808 165 3856 τὰ
182 3801 248 3854 ὄντα
266 3806 311 3854 καὶ
328 3807 363 3855 τὰ
386 3803 497 3866 ἐσόμενα
515 3807 561 3856 καὶ
580 3805 614 3856 τὰ
632 3803 837 3870 yeyoeir'ot'lyo'r
860 3808 924 3866 ritu·
943 3806 989 3857 τὸν
1007 3807 1068 3868 ἐμὸν
1086 3807 1188 3874 χιτῶνα

129 3894 226 3950 οὐδεὶς
244 3895 421 3956 orandinum·
435 3897 465 3946 ὃν
481 3895 530 3960 ἓγὼ
549 3895 651 3966 καρπὸν
668 3895 760 3947 ἔτεκον
773 3895 845 3960 ἥλιος
857 3895 974 3959 ἐγένετο.
994 3901 1032 3949 Cf.
1046 3897 1184 3962 Champoll.

129 3987 156 4036 in
174 3987 273 4039 Ponti.
293 3985 354 4052 Aeq.
374 3989 405 4038 ud
422 3987 464 4038 tab
483 3988 516 4050 6,
536 3989 627 4040 Hatter
643 3987 711 4041 ntor.
734 3987 852 4039 Gnostic‘
869 3989 925 4040 Vol.
947 3986 985 4039 ll.
1005 4007 1061 4055 pag.
1076 3985 1183 4037 10-12.
1231 4035 1234 4048 ¹

1074 4079 1113 4144 18
