2804 4872
209 271 270 335 160
332 273 338 288 “
573 263 814 333 tutotuto
839 276 903 332 an'

210 469 265 535 ubi
285 469 432 553 ἱοτοβοεύς
453 478 484 530 et
504 469 621 552 κορώνη
633 466 806 555 significant
822 471 1082 557 aratriparter,
1098 466 1151 534 scd
1162 469 1252 538 lesci-

208 579 285 645 riori
310 577 433 644 notione
460 590 644 665 usurpantur
665 567 710 641 sle
736 582 807 644 viro
831 593 861 644 et
880 581 996 670 proella
1023 581 1252 670 conjungendis.

210 688 259 758 cf.
292 689 432 778 inprimis
463 689 609 758 Valcken.
642 688 810 754 Brittribcc
841 713 907 780 cap.
939 695 991 772 24.
1020 713 1090 779 pag.
1120 697 1195 760 275.
1224 706 1255 759 et

208 791 410 868 Ruhnkeniu's
435 802 467 866 in
491 802 559 892 [tp.
589 801 703 869 cntra.
727 802 771 868 ΙΙ.
793 825 863 890 pag.
885 808 954 869 67.·
986 803 1094 892 Neque
1112 803 1152 870 ab
1170 806 1254 892 ejus-

209 914 297 998 modi
322 915 469 981 sententia
499 914 633 978 alienum
659 936 690 979 se
717 935 780 980 esse
806 914 886 979 mihi
911 913 1058 982 indicarit
1085 914 1133 982 cl.
1151 915 1253 996 Raso,

211 1028 266 1116 qui
290 1033 445 1092 »sensus'’
474 1025 574 1113 inquit
601 1047 691 1091 »esse
716 1039 816 1115 potest
835 1049 945 1092 cuerre
963 1049 1053 1117 puer
1079 1029 1254 1107 annulum
1371 1073 1372 1104 ,

211 1143 355 1220 »κορώνη
385 1132 433 1202 est
456 1139 616 1217 annulus,
630 1173 631 1178 ν
646 1151 709 1202 tam
732 1137 819 1228 apud
843 1139 971 1206 Pausan.
999 1140 1057 1208 er
1082 1145 1135 1206 37.
1164 1161 1257 1229 quam
1371 1129 1372 1192 l

212 1248 323 1339 »apud
345 1250 513 1315 Homerum
535 1249 635 1338 ipsum
660 1249 776 1338 Odysc.
797 1253 936 1332 Φ.«138,
964 1255 1037 1321 165.
1051 1251 1134 1341 *quid
1152 1265 1257 1322 autem

213 1385 296 1454 »per
310 1347 668 1428 annuli'similitudincm
681 1361 737 1428 hic
749 1363 952 1452 significetur,
963 1362 1255 1432 tauromenumr
1371 1379 1372 1394 ¹

257 1473 433 1538 Versionem
462 1495 553 1562 quam
578 1474 747 1562 proposuit·
761 1473 961 1555 Boeclrhius,
979 1476 1045 1562 jarn
1070 1475 1257 1544 indicaverat
1371 1543 1372 1548 ,

211 1587 365 1654 Mercerus
384 1585 415 1648 in
429 1584 591 1670 nota„sed
609 1607 717 1651 rocem
734 1590 836 1670 κορὶ,
852 1591 1010 1678 cornicem
1016 1637 1026 1668 ,
1048 1590 1069 1655 i.
1081 1611 1109 1656 e.
1122 1590 1255 1678 prodici·
1371 1583 1372 1594 ’

211 1702 292 1764 triam
318 1697 485 1786 explicans3
520 1697 604 1763 illam
630 1711 732 1764 tamen
759 1697 1077 1786 explicationemnon
1099 1724 1155 1790 pro
1173 1723 1257 1769 ,rere

212 1810 369 1876 adsumsit.
388 1847 433 1862 -
451 1809 553 1876 statui
571 1833 693 1898 quoque
711 1811 836 1882 fortasse
855 1815 1145 1902 potcst,.majore1n
1162 1813 1258 1901 signi·

212 1923 385 1994 ficationem
401 1923 433 1986 in
448 1921 496 1988 his
511 1923 638 1988 vocibus
651 1945 669 1986 a
686 1922 810 1988 Graecis
825 1924 1043 2010 porterioffltus
1056 1925 1149 1994 fuisse
1163 1947 1258 2014 qnae*

212 2037 317 2114 sitam,
333 2057 425 2124 quam
440 2035 480 2100 ab
494 2025 583 2102 initio
592 2035 625 2100 iu
641 2035 678 2100 iis
688 2035 801 2115 luoritp
811 2055 907 2122 quum
922 2049 985 2120 tota
992 2037 1090 2104 dictio
1108 2038 1259 2126 originem

88 2223 94 2238 ¹
210 2149 324 2214 habere
347 2147 482 2236 potuerit
496 2149 545 2214 'ab
565 2146 800 2226 acclamatione,
825 2171 886 2237 qna
905 2150 1039 2215 cornices
1059 2163 1255 2239 peterentur,

210 2261 254 2328 ita
276 2272 311 2324 ut
330 2281 402 2324 sono
422 2262 560 2344 ἐκκορί.
584 2261 673 2344 copi.
699 2261 799 2345 ipsurn
828 2258 957 2324 cornicis
975 2261 1124 2330 crocitum
1143 2261 1259 2330 imitati

211 2351 338 2440 fuerint.)
391 2368 479 2454 Quod
502 2368 634 2457 deniqne
659 2368 697 2433 de
720 2369 813 2434 Pauw
833 2392 890 2457 pro
912 2372 1095 2448 ’ἀγνοοῦντες
1120 2372 1258 2438 scriben-

211 2485 285 2550 dum
303 2473 390 2573 puta't
408 2485 596 2559 εὐνοοῦντες,
620 2502 681 2544 non
700 2494 854 2576 opustessc
872 2478 1009 2560 ridetur3
1032 2479 1176 2568 quoniam
1195 2495 1258 2548 sta-

146 2648 152 2656 .
209 2599 256 2665 tui
274 2596 385 2687 possit,
410 2607 548 2682 ternpore
566 2591 790 2689 Horapollinis,
813 2592 902 2680 hujus
915 2590 1143 2658 'consuetudinis
1163 2593 1259 2683 origi·

208 2728 281 2776 nem
309 2707 432 2774 Graecis
457 2728 518 2770 non
545 2703 674 2792 amplius
701 2703 792 2770 fuisse
820 2705 982 2794 cognitam.
1016 2741 1061 2754 -
1093 2702 1257 2772 Caeterum

210 2821 293 2914 epud
312 2821 463 2885 Romanos
479 2829 606 2906 'qnoque
619 2815 758 2882 'cornices
776 2839 878 2884 sacrae
896 2818 1039 2910 fuerunt,
1064 2829 1098 2882 ut
1114 2839 1150 2882 cx
1167 2819 1256 2885 Festo

210 2933 383 3026 colligitur,
420 2927 476 3020 ¹qui
518 2926 790 2996 »Gorniscaruffl
832 2931 933 3020 inquit
970 2929 1150 2996 »dirarum
1172 2930 1257 2997 locus

211 3059 304 3111 »erat
323 3058 408 3110 trans,
425 3041 563 3109 Tiberim
592 3042 766 3108 cornicibus
788 3042 932 3123 trouu,
963 3040 1104 3131 quod·in
1118 3041 1258 3109 lunonis

211 3157 334 3223 »tutela
354 3155 651 3247 esseputaltantur.”
693 3152 789 3220 Causa
813 3155 914 3244 potius
930 3152 1161 3220 ridet'urfuisse
1180 3143 1257 3220 con-

208 3267 312 3335 cordie
329 3267 439 3333 harum
456 3268 574 3346 arium,
592 3280 778 3362 mutumque
795 3267 827 3331 in
845 3267 987 3355 conjugio
1006 3277 1108 3346 amor,
1127 3279 1160 3331 ut
1174 3279 1257 3334 recte

207 3381 325 3447 monuit
344 3378 448 3447 Onnes.
731 3391 732 3398 ’

171 3547 173 3553 .
253 3491 343 3578 Quod
366 3492 405 3558 ad
426 3492 562 3583 priorem
578 3491 667 3580 hujus
686 3490 794 3580 capitis
811 3501 947 3578 partem,
966 3486 1130 3576 Seyfferth.
1155 3512 1206 3578 op.
1228 3513 1256 3558 c.

189 3607 276 3696 pag.
310 3608 389 3686 163,
423 3604 507 3672 med.
538 3602 885 3694 putatllorapollinem
914 3600 973 3668 hoc
991 3601 1062 3668 loco
1077 3601 1257 3690 accipitrem

209 3729 238 3784 et
263 3718 416 3783 vulturem
445 3717 633 3798 confudisse3
665 3716 748 3781 hunc
769 3717 853 3781 enim
878 3714 1045 3780 secundum
1066 3715 1256 3804 astrologiam

208 3829 449 3920 Aegyptiorum,
465 3830 597 3896 Martem
615 3828 791 3918 planetam,
816 3840 847 3894 et
861 3827 1014 3894 Venerem
1032 3827 1180 3896 Uranium
1205 3826 1254 3913 (ty)

206 3956 324 4011 notare.
