2804 4872
195 327 258 390 nc
559 316 801 410 uouoaano
825 339 869 387 aa

239 521 513 613 Himoglyphicum
544 521 835 589 boemonumeutis
862 517 1000 588 nondum
1025 517 1238 588 confirmatur:

175 623 248 704 'sed
275 636 300 701 si
326 647 490 700 statuamus
509 634 739 724 Horapoliinem
765 657 813 700 res
839 633 1077 700 confundentem
1099 632 1244 724 cogitasse

195 747 462 838 hieroglyphicum
482 769 550 836 ¹quo
577 748 677 836 prima
705 748 779 812 anni
803 758 963 836 tempestas
988 745 1141 811 indicatur
1165 742 1242 832 (tid.

194 862 259 929 tab.
286 873 379 928 nostra
408 884 440 929 n.
469 860 538 948 26),
568 873 599 925 et
625 883 697 949 pro:
731 863 802 936 ἔτος
821 893 866 910 ·-·
889 867 1071 945 γράφοντες,
1100 859 1245 942 τέταρτον

193 975 320 1064 α’ρουρας
344 979 526 1057 γράφουσιν,
559 973 695 1038 scribere
723 971 825 1060 potius
851 971 979 1040 voluisse
1006 982 1058 1034 aut
1086 967 1242 1035 debuisse:

196 1087 282 1158 ἔτους
309 1085 411 1168 τρίτου
429 1091 593 1168 γράφοντες
619 1091 750 1169 ἄρουραν
772 1090 953 1170 γράφουσιν,
977 1082 1245 1148 confirmationem

194 1195 305 1259 horum
334 1195 498 1260 verborum
524 1194 706 1260 habebimus
738 1195 770 1259 in
798 1194 882 1284 siguo
912 1193 964 1260 illo
991 1193 1244 1284 hieroglyphice,

196 1305 279 1396 quod
306 1321 533 1395 repraesentare
559 1305 680 1372 videtur
705 1308 877 1396 portionem
897 1307 962 1396 ορτί
978 1308 1104 1373 floribus
1122 1307 1246 1373 arbori·-

195 1420 290 1484 busta
310 1419 499 1486 instructam.
533 1418 597 1488 'Oh
617 1417 764 1486 Salcolini
791 1419 851 1508 Ep.
872 1418 915 1487 11.
935 1442 1005 1509 φορ.
1026 1425 1079 1488 30.
1106 1419 1161 1508 (¹⁴).

240 1531 288 1597 De
305 1531 472 1597 Goulianof
496 1555 546 1620 op.
567 1533 619 1599 cit.
648 1554 719 1620 pag.
741 1535 783 1595 24
795 1580 805 1610 ,
825 1535 879 1598 25.
904 1533 1017 1620 rejecta
1040 1531 1251 1620 Houapollinis·
1277 1598 1282 1610 ,

195 1642 365 1732 explicandi
392 1643 529 1722 ratione,
553 1656 643 1732 putat
669 1625 836 1732 Aegyptios
862 1665 975 1709 annum
986 1694 997 1724 ,
1021 1645 1083 1710 site
1106 1657 1247 1734 quartam

194 1767 315 1845 partem
332 1754 404 1820 anni
421 1753 559 1821 Sothiaoi
586 1754 735 1821 indicasse
754 1769 862 1844 quarta
884 1769 972 1845 parte
994 1759 1138 1842 άρουραρ,
1164 1779 1246 1846 quo-

126 1854 136 1866 ’
195 1867 279 1933 niam
290 1857 427 1955 ‘utraque
439 1883 495 1931 tox
511 1867 543 1932 iu
558 1866 781 1958 Aegyptiorum
797 1867 901 1957 lingua
919 1869 958 1933 ab
979 1865 1087 1933 eadem
1103 1867 1191 1934 litera
1207 1893 1244 1958 c,

196 1963 340 2070 incipiat:
378 1977 520 2067 Campus
537 1976 618 2042 enim
634 1977 822 2068 Aegyptiace
840 2001 975 2058 emme,
993 2001 1128 2069 compos
1142 1981 1247 2044 maluo

196 2113 360 2168 ceetoat,
383 2093 556 2174 uetroeyoo
580 2108 668 2168 vero,
692 2111 710 2152 a
738 2111 799 2178 quo
826 2112 934 2158 annus*
949 2089 1109 2158 Sothiacus
1134 2112 1247 2158 noman
1295 2153 1301 2162 ,

195 2200 337 2288 accepit,
361 2221 496 2266 ennete.
545 2197 634 2282 Quod
663 2211 767 2265 autem
790 2197 957 2291 liorapollo
980 2201 1083 2282 addit,
1115 2209 1248 2289 ἄρουραν

196 2310 354 2376 continere
381 2317 505 2372 centum
532 2308 671 2387 cubitos,
696 2310 810 2374 iterum
829 2311 958 2399 explicat
976 2334 1011 2374 ex
1029 2311 1168 2378 doctrina
1194 2331 1247 2380 sua
1325 2331 1330 2344 ’

196 2419 380 2509 acrologica:
406 2425 529 2481 centum
546 2400 674 2506 Coptica
693 2443 766 2499 aue,
791 2422 914 2485 ουάάυο
931 2443 1016 2497 fflou
1037 2421 1167 2502 dicitur,
1191 2447 1247 2491 vo-

196 2531 283 2597 cibus
298 2553 318 2610 a
335 2528 425 2593 litera
444 2551 494 2606 ¹:12
512 2527 732 2615 pronuntiandi
747 2528 866 2593 ratione
883 2551 901 2592 a
920 2551 942 2598 c
958 2550 1021 2594 non
1035 2528 1244 2622 discrepante,

197 2638 425 2732 incipientibus.

240 2748 402 2840 Seyffarth.
421 2772 490 2838 φορ.
507 2750 597 2828 174,
621 2747 697 2826 una·
715 2750 968 2841 palmamjsmis
988 2756 1168 2846 symbolum,
1181 2783 1245 2854 pu·

195 2876 257 2946 tat3
286 2861 431 2954 quoniam
448 2859 500 2926 bic
518 2860 556 2926 sit
575 2860 647 2925 anni
665 2859 816 2930 dominus.

530 3034 535 3042 '
637 3034 740 3082 CAPUT
764 3037 808 3087 VI.

240 3175 294 3246 Ἢ
305 3174 413 3258 νίκην]
463 3172 558 3238 hiero.
579 3171 612 3235 in
629 3170 766 3238 editione
781 3175 869 3262 eujus
886 3187 1003 3244 textum
1020 3180 1110 3247 initio
1127 3198 1246 3254 secutus

198 3297 242 3352 est
253 3265 267 3366 ,Ι
286 3309 347 3351 non
373 3283 522 3348 invenisse
544 3279 666 3348 videtur
682 3265 790 3364 voces,
814 3293 834 3368 ἤ
860 3286 965 3371 ’Ἅρεα
990 3297 1011 3374 ἤ
1036 3292 1245 3380 Ἀφροδίτην,

198 3411 230 3464 et
255 3396 405 3491 versiones
432 3415 535 3459 omnes
563 3393 710 3472 Latinae,
733 3407 768 3460 ut
794 3408 825 3461 et
848 3396 964 3476 Pierius
981 3401 1015 3464 in
1034 3401 1150 3470 Graeco
1167 3427 1246 3472 con-

198 3521 295 3588 textu,
315 3531 363 3574 eas
382 3506 558 3574 omiserunt.
606 3505 756 3590 Quoniam
770 3506 814 3600 de
830 3507 929 3576 Marte
947 3523 978 3576 et
986 3511 1105 3580 Venere
1118 3537 1175 3604 per
1190 3529 1248 3585 act-⁴

200 3620 323 3711 cipitres
346 3618 506 3699 indicatis,
524 3618 584 3684 hoc
607 3601 707 3707 capite
725 3617 805 3684 nibil
822 3621 952 3712 amplius
970 3622 1100 3709 dieitur,
1120 3630 1246 3721 ejusque

199 3733 302 3826 prouti
328 3731 514 3820 reliquarum
539 3729 629 3820 bujm
652 3729 754 3798 atium
771 3734 929 3802 notionum
945 3737 1177 3827 explicationem
1194 3742 1247 3812 bic

228 3969 265 4038 (·)
283 3969 485 4024 observationem
503 3969 569 4021 hanc
588 3970 667 4022 debeo
684 3971 744 4024 Viro
761 3971 827 4027 clu.
844 3971 967 4026 heuneus.
